3850 5517
876 601 1002 700 „3⁸
1019 693 1079 698 ,-

443 789 492 854 est
506 787 561 854 sed
576 776 616 850 ab
638 785 839 872 imperatore.
884 791 976 866 Quod
998 811 1098 871 quum
1119 788 1166 850 ita
1188 807 1255 851 esse
1278 790 1429 870 oporteat·
1446 809 1511 853 nou

443 879 563 940 temere
587 871 670 936 hanc
690 873 903 941 mutationem
918 876 1094 944 referamus
1116 871 1156 936 ad
1172 871 1271 937 rerba
1287 872 1511 938 ilbenstad

397 955 398 959 ’
445 961 487 1043 (v.
511 957 632 1023 Domit.
655 979 686 1022 c.
706 959 747 1041 la)
785 983 886 1044 »spon
916 962 1005 1046 publ.
1029 957 1165 1027 sustulit
1189 962 1339 1027 revocate
1362 979 1512 1024 cenarum

444 1048 604 1112 rectarum
627 1045 888 1122 consuetudine«,
934 1047 1028 1115 Unde
1049 1044 1189 1109 invicem
1210 1043 1328 1110 iterum
1354 1044 1512 1126 probatur

443 1129 478 1196 id
498 1128 732 1215 praescriptum
753 1131 890 1214 priuatis
913 1155 980 1198 esse
1003 1130 1125 1193 editum
1146 1150 1211 1195 uon
1232 1128 1296 1212 ipsi
1316 1129 1379 1198 sibi
1400 1128 1512 1194 eCae

446 1238 524 1283 sare.
563 1213 684 1280 Tamen
699 1214 845 1281 offendat.
856 1221 994 1286 tortasse
1008 1214 1124 1298 aliquis
1135 1235 1173 1276 ea
1187 1213 1222 1278 in
1236 1235 1271 1280 re
1286 1237 1387 1297 quum
1402 1215 1513 1298 quaeri

445 1301 546 1385 possit
573 1321 746 1384 quamnam
769 1301 919 1366 habuerit
942 1303 1036 1368 huius
1052 1298 1243 1384 praescripti
1258 1321 1387 1364 causam
1399 1299 1513 1364 Domi·

446 1387 568 1464 danus,
597 1385 749 1469 quoniam
776 1385 914 1454 Neronis
935 1389 1076 1474 ,quidem
1109 1385 1259 1451 voluntas
1290 1386 1325 1453 iu
1358 1385 1515 1470 sportulis

445 1470 652 1536 instituendis
667 1471 832 1556 perlucida
846 1476 889 1542 sit
912 1478 946 1540 et
968 1473 1058 1541 utilis
1073 1470 1255 1538 Domitiani
1276 1493 1352 1536 vero
1375 1471 1515 1556 insper-

446 1557 524 1622 tulis
549 1555 742 1642 abnegandis
787 1559 860 1625 lane
884 1562 1027 1626 obscura.
1072 1558 1163 1624 ticet
1184 1557 1269 1622 enirn
1290 1557 1396 1640 plane.
1409 1579 1516 1623 assen-

446 1642 527 1708 tiam
554 1642 709 1724 Bussmn)
751 1581 890 1712 licronis
919 1647 1059 1712 edictum
1088 1644 1207 1728 quippe
1241 1642 1327 1726 quod
1353 1647 1517 1728 sumptum

447 1732 605 1792 coerceret
634 1727 720 1792 haud
750 1729 924 1796 absurdum
947 1733 1054 1809 fuisse,
1077 1727 1256 1794 Domitiani
1278 1749 1352 1793 vero
1375 1731 1408 1792 et
1427 1749 1516 1794 ecer-

447 1813 615 1878 bissimum
638 1817 671 1876 et
694 1817 806 1892 contra
832 1839 940 1882 rerum
967 1822 1134 1892 naturam,
1163 1817 1275 1880 tamen
1302 1836 1342 1880 ue
1375 1814 1518 1878 acerbior

449 1897 577 1982 quidem
605 1903 762 1982 tyrannus
784 1899 1036 1972 Domitiano-
1059 1904 1086 1966 si
1112 1921 1180 1964 esse
1202 1902 1311 1981 potest
1332 1934 1374 1948 -0-
1394 1898 1519 1987 aliquid

450 1983 608 2048 sineulla
632 2006 727 2048 causa
750 1989 782 2048 et
798 1988 938 2062 consilio,
952 1989 1065 2055 iubere
1086 1987 1176 2051 solet.
1211 1983 1259 2051 At
1280 1984 1369 2052 haud
1387 1985 1455 2048 scio
1477 2008 1518 2050 eu

449 2090 552 2138 causa¹
566 2093 664 2166 quam
686 2069 837 2136 habuerit
858 2073 939 2158 legis
962 2096 1037 2138 suae
1059 2071 1181 2137 Domit.
1205 2069 1342 2136 inveniri
1364 2079 1463 2153 queat
1485 2071 1518 2136 iu

449 2155 556 2220 verbis
571 2155 637 2219 rllis
653 2153 782 2221 Traiani
798 2179 895 2240 supra
917 2159 1067 2224 laudatis.
1092 2155 1189 2236 (Plin.
1206 2153 1235 2220 X
1258 2177 1307 2239 ep.
1324 2157 1412 2239 118.)
1426 2152 1519 2221 Nam

450 2239 477 2304 si
499 2240 613 2306 Pliniis
634 2239 843 2325 Traiarrisque
866 2245 1084 2327 sportularum
1104 2239 1291 2306 distributio
1311 2241 1443 2306 modum
1464 2263 1519 2306 ex·

450 2326 559 2390 cedere
575 2325 737 2392 interdum
753 2328 833 2391 etin
848 2328 1013 2398 dimomes
1027 2329 1165 2414 speeiem
1184 2324 1324 2390 incidere
1340 2326 1517 2403 videbatur„

451 2433 547 2495 quarn
571 2411 671 2476 credis
692 2434 743 2477 res
767 2414 945 2498 periculosa
964 2421 1031 2480 tarn
1053 2413 1168 2481 timido
1183 2411 1360 2496 acerbeque
1382 2416 1520 2496 tyranno

452 2497 580 2582 qualem
598 2495 715 2562 Domit.
739 2497 836 2566 fuisse
857 2501 975 2568 scimus
997 2501 1098 2564 rideri
1120 2496 1295 2562 debuitlll
1336 2519 1442 2564 onon
1485 2519 1520 2560 s·

452 2586 629 2660 nouorum,
644 2605 711 2646 non
725 2583 878 2666 clientum
894 2587 1097 2653 commodum
1111 2587 1262 2668 spectans
1276 2603 1310 2646 se
1347 2588 1388 2648 ut
1405 2520 1521 2648 mults·

452 2666 518 2732 tius
551 2667 778 2754 difficiliusque
810 2670 958 2736 redderet
985 2670 1143 2736 divitibus
1173 2689 1328 2752 magnum
1354 2668 1522 2735 hominum

452 2773 623 2816 numerum
637 2753 699 2818 sibi
715 2754 885 2832 conciliare
908 2757 1013 2842 legem
1036 2779 1127 2822 suam
1149 2754 1261 2820 tulisse
1281 2754 1362 2818 milri
1385 2753 1520 2820 ridetur.

454 2837 559 2912 Quum
581 2839 666 2934 cpim
688 2841 905 2990 sumptuosius
927 2847 1011 2908 osset
1031 2864 1127 2906 cenas
1146 2862 1244 2924 quam
1266 2838 1424 2922 sportulas
1445 2838 1521 2901 dare

453 2944 631 2988 necessarro
662 2947 758 3008 seque
783 2929 858 2989 atur
882 2930 920 2992 ut
947 2931 982 3003 et
1008 2927 1112 2992 rarius
1138 2931 1172 2990 et
1194 2926 1227 2990 iu
1250 2924 1413 3010 pauciores
1435 2923 1520 2987 ciues

452 3007 680 3074 dividerentur.
750 3009 835 3078 Nero
884 3013 986 3098 igitur
1035 3011 1194 3095 sportulas
1244 3007 1448 3108 praescripsit
1484 3011 1523 3072 ut

455 3098 601 3178 sumptus
634 3095 770 3162 diuitum
785 3141 787 3148 ν
800 3103 967 3177 coerceret,
990 3097 1110 3162 Domit.
1142 3097 1276 3162 sustuht
1307 3099 1357 3161 ut.
1375 3096 1524 3191 sumptps

457 3181 945 3347 substruuntur
961 3187 1106 3352 pladite
1119 3180 1289 3352 {tutti
1310 3183 1522 3332 dett:

457 3350 569 3415 tulisse
599 3352 709 3416 fertur.
759 3357 805 3418 At
838 3352 974 3420 fortasse
1005 3354 1225 3438 sportularum
1246 3350 1469 3447 publicarum·
1493 3353 1524 3414 et

428 3501 431 3509 ,
461 3435 704 3505 domesticarum
729 3461 804 3502 usus
827 3438 920 3502 initio
943 3440 1115 3518 seiunctus,
1132 3437 1311 3502 Donritrsm
1326 3439 1393 3500 tem
1435 3457 1470 3502 re
1485 3473 1524 3482 -

458 3523 496 3584 ut
517 3521 585 3586 fieri
609 3523 673 3588 fere
689 3524 770 3588 solet
786 3523 821 3588 in
836 3525 931 3590 rebus
946 3525 1105 3590 similibus
1119 3561 1158 3570 -
1174 3523 1239 3586 iem
1260 3520 1308 3584 ite
1328 3541 1386 3588 coa
1400 3525 1524 3600 uerunt,

462 3605 631 3672 discrimen
653 3609 687 3672 in
710 3607 876 3674 hominum
898 3611 1053 3676 memoria
1074 3609 1151 3672 adeo
1169 3610 1362 3684 evanuerat,
1384 3610 1423 3672 ut
1443 3627 1526 3689 quse

458 3696 557 3775 sport.
569 3693 715 3776 publicae
728 3717 809 3778 quae
824 3695 1015 3762 domesticae
1026 3693 1162 3760 discerni
1177 3692 1314 3777 emplius
1328 3711 1395 3762 uon
1408 3695 1525 3776 posset.

460 3799 523 3860 quo
545 3777 667 3842 factum
688 3784 726 3844 ut
747 3780 803 3864 qui
818 3804 898 3846 unas
913 3781 1043 3849 tolleret
1057 3801 1136 3862 quas
1150 3778 1319 3862 seiungere
1335 3799 1401 3842 non
1422 3775 1526 3861 magis

458 3861 578 3926 licebat
603 3886 712 3929 omnes
739 3867 897 3930 aufferret.
944 3867 1031 3947 Quae
1053 3887 1153 3948 quum
1174 3863 1222 3926 ite
1244 3884 1312 3927 sese
1333 3862 1454 3926 habere
1474 3882 1526 3928 er·

458 3945 560 4011 bitror
585 3971 624 4012 ne
651 3951 808 4017 rationem
836 3951 964 4036 quidem
991 3972 1120 4035 possum
1153 3949 1287 4032 probare
1316 3970 1381 4031 qua
1407 3945 1525 4012 Friedl.

461 4031 557 4096 Mart.
578 4035 677 4120 epigr.
693 4035 745 4100 ΙΙΙ
763 4040 802 4102 14
822 4038 920 4106 fuerit
941 4035 1183 4119 interpretatus,
1205 4033 1259 4098 sed
1274 4031 1525 4118 Schmiedernrn.

461 4118 600 4202 reliquos
622 4122 812 4208 interpretes
828 4145 950 4204 sequor.
987 4121 1048 4186 uss
1062 4141 1137 4185 vero
1158 4121 1260 4204 epigr.
1281 4133 1347 4182 n'on
1371 4115 1532 4203 plorantis·

461 4273 647 4292 ,κιο-ἑ...

536 4379 556 4446 ¹)
574 4377 676 4435 Buttnr.
695 4378 712 4435 l.
732 4377 762 4436 l,:
802 4377 902 4431 »Neres
923 4377 1003 4430 Vertit
1043 4397 1081 4448 ng
1103 4380 1182 4433 hatte
1210 4379 1251 4432 als
1276 4376 1321 4432 eiu
1346 4376 1529 4444 Luxusgesetn

461 4446 534 4510 Sinn,
565 4447 631 4500 aber
649 4448 710 4500 dass
724 4446 802 4514 jeder
819 4447 988 4514 angesehene
1037 4465 1092 4502 ann
1107 4447 1199 4502 lrr'intti
1243 4448 1317 4501 scine
1334 4443 1458 4498 Freunde
1474 4440 1530 4495 und

462 4514 590 4568 Klienten
616 4516 716 4569 wieder
738 4514 889 4568 crdentlich
915 4533 948 4568 zu
967 4517 1050 4570 Gaste
1066 4517 1148 4570 laden
1165 4466 1252 4579 sollte,
1282 4515 1340 4568 dies
1357 4513 1460 4567 konnte
1485 4511 1530 4564 ein

460 4583 563 4654 Despot
589 4584 640 4638 wie
657 4585 734 4641 Dom.
753 4599 811 4634 war
838 4583 911 4640 wohl
929 4585 1062 4649 bsfehlem
1089 4587 1160 4640 such
1178 4586 1236 4641 eine
1267 4582 1387 4650 zeidang
1415 4580 1530 4660 einiger·

461 4653 759 4714 massendurohsetzen
772 4651 839 4704 aber
851 4651 915 4708 sehr
925 4653 993 4709 bald
1000 4655 1104 4708 mussts
1113 4654 1275 4709 dmswieder
1290 4647 1530 4706 indicnatdrlrcb

461 4715 1530 4786 Willkr'ihrzurttclrfalleuwasdennaurhunterDemitselbstrcbongeselrels
