<?xml version="1.0" encoding="UTF-8"?>
<!DOCTYPE html PUBLIC "-//W3C//DTD XHTML 1.0 Transitional//EN"
    "http://www.w3.org/TR/xhtml1/DTD/xhtml1-transitional.dtd">
<html xmlns="http://www.w3.org/1999/xhtml" xml:lang="en" lang="en">
 <head>
  <title>
</title>
<meta http-equiv="Content-Type" content="text/html;charset=utf-8" />
  <meta name='ocr-system' content='tesseract 3.04.00' />
  <meta name='ocr-capabilities' content='ocr_page ocr_carea ocr_par ocr_line ocrx_word'/>
</head>
<body>
  <div class='ocr_page' id='page_1' title='image "./observationumin00martgoog_0035.png"; bbox 0 0 3850 5517; ppageno 0'>
   <div class='ocr_carea' id='block_1_1' title="bbox 295 2859 655 2950">
    <p class='ocr_par' dir='ltr' id='par_1_1' title="bbox 295 2859 655 2950">
     <span class='ocr_line' id='line_1_1' title="bbox 295 2859 655 2950; baseline -0.003 -17"><span class='ocrx_word' id='word_1_1' title='bbox 295 2909 298 2916; x_wconf 70' lang='lat'>,</span> <span class='ocrx_word' id='word_1_2' title='bbox 415 2865 564 2950; x_wconf 72' lang='lat' dir='ltr'><strong>adjectivi</strong></span> <span class='ocrx_word' id='word_1_3' title='bbox 585 2859 655 2932; x_wconf 87' lang='lat' dir='ltr'><strong>loco</strong></span> 
     </span>
    </p>
   </div>
   <div class='ocr_carea' id='block_1_2' title="bbox 925 537 971 606">
    <p class='ocr_par' dir='ltr' id='par_1_2' title="bbox 925 537 971 606">
     <span class='ocr_line' id='line_1_2' title="bbox 925 537 971 606; baseline 0 0"><span class='ocrx_word' id='word_1_4' title='bbox 925 537 971 606; x_wconf 81' lang='grc'><strong>23</strong></span> 
     </span>
    </p>
   </div>
   <div class='ocr_carea' id='block_1_3' title="bbox 403 724 1482 3892">
    <p class='ocr_par' dir='ltr' id='par_1_3' title="bbox 403 724 1482 3892">
     <span class='ocr_line' id='line_1_3' title="bbox 412 724 1481 811; baseline 0 -18"><span class='ocrx_word' id='word_1_5' title='bbox 412 724 514 794; x_wconf 81' lang='lat' dir='ltr'><strong>lentie</strong></span> <span class='ocrx_word' id='word_1_6' title='bbox 535 725 562 792; x_wconf 86' lang='lat' dir='ltr'><strong>si</strong></span> <span class='ocrx_word' id='word_1_7' title='bbox 585 728 781 800; x_wconf 84' lang='lat' dir='ltr'><strong>structuram</strong></span> <span class='ocrx_word' id='word_1_8' title='bbox 802 749 919 792; x_wconf 86' lang='lat' dir='ltr'><strong>novam</strong></span> <span class='ocrx_word' id='word_1_9' title='bbox 942 749 982 792; x_wconf 85' lang='lat' dir='ltr'><strong>ex</strong></span> <span class='ocrx_word' id='word_1_10' title='bbox 1004 727 1110 792; x_wconf 89' lang='lat' dir='ltr'><strong>aliena</strong></span> <span class='ocrx_word' id='word_1_11' title='bbox 1131 726 1244 810; x_wconf 88' lang='lat' dir='ltr'><strong>lingua</strong></span> <span class='ocrx_word' id='word_1_12' title='bbox 1264 725 1295 790; x_wconf 93' lang='lat' dir='ltr'><strong>in</strong></span> <span class='ocrx_word' id='word_1_13' title='bbox 1319 728 1481 811; x_wconf 84' lang='lat' dir='ltr'>propriam</span> 
     </span>
     <span class='ocr_line' id='line_1_4' title="bbox 412 811 1480 898; baseline -0.002 -18"><span class='ocrx_word' id='word_1_14' title='bbox 412 811 599 880; x_wconf 73' lang='lat' dir='ltr'><strong>intulissent</strong></span> <span class='ocrx_word' id='word_1_15' title='bbox 623 816 656 876; x_wconf 87' lang='lat' dir='ltr'><strong>et</strong></span> <span class='ocrx_word' id='word_1_16' title='bbox 678 833 716 874; x_wconf 83' lang='lat' dir='ltr'><strong>ex</strong></span> <span class='ocrx_word' id='word_1_17' title='bbox 738 811 872 878; x_wconf 82' lang='lat' dir='ltr'>libidine</span> <span class='ocrx_word' id='word_1_18' title='bbox 894 813 1042 898; x_wconf 89' lang='lat' dir='ltr'><strong>propriae</strong></span> <span class='ocrx_word' id='word_1_19' title='bbox 1064 814 1245 876; x_wconf 78' lang='lat' dir='ltr'><strong>structurae</strong></span> <span class='ocrx_word' id='word_1_20' title='bbox 1267 812 1335 876; x_wconf 91' lang='lat' dir='ltr'><strong>loco</strong></span> <span class='ocrx_word' id='word_1_21' title='bbox 1358 814 1480 896; x_wconf 88' lang='lat' dir='ltr'><strong>posuis-</strong></span> 
     </span>
     <span class='ocr_line' id='line_1_5' title="bbox 412 896 1482 984; baseline -0.003 -18"><span class='ocrx_word' id='word_1_22' title='bbox 412 902 492 966; x_wconf 84' lang='lat' dir='ltr'><strong>sent.</strong></span> <span class='ocrx_word' id='word_1_23' title='bbox 536 896 649 983; x_wconf 89' lang='lat' dir='ltr'><strong>Neque</strong></span> <span class='ocrx_word' id='word_1_24' title='bbox 670 897 771 982; x_wconf 87' lang='lat' dir='ltr'><strong>igitur</strong></span> <span class='ocrx_word' id='word_1_25' title='bbox 793 897 854 963; x_wconf 90' lang='lat' dir='ltr'><strong>hoc</strong></span> <span class='ocrx_word' id='word_1_26' title='bbox 875 900 924 962; x_wconf 86' lang='lat' dir='ltr'><strong>est</strong></span> <span class='ocrx_word' id='word_1_27' title='bbox 945 898 1147 974; x_wconf 87' lang='lat' dir='ltr'><strong>eredendum,</strong></span> <span class='ocrx_word' id='word_1_28' title='bbox 1167 918 1271 980; x_wconf 88' lang='lat' dir='ltr'><strong>neque</strong></span> <span class='ocrx_word' id='word_1_29' title='bbox 1299 919 1337 961; x_wconf 86' lang='lat' dir='ltr'><strong>cx</strong></span> <span class='ocrx_word' id='word_1_30' title='bbox 1359 899 1482 984; x_wconf 88' lang='lat' dir='ltr'><strong>origine</strong></span> 
     </span>
     <span class='ocr_line' id='line_1_6' title="bbox 411 981 1480 1070; baseline 0 -22"><span class='ocrx_word' id='word_1_31' title='bbox 411 983 530 1070; x_wconf 88' lang='lat' dir='ltr'><strong>passivi</strong></span> <span class='ocrx_word' id='word_1_32' title='bbox 552 1022 591 1030; x_wconf 92' lang='lat'><em>-</em></span> <span class='ocrx_word' id='word_1_33' title='bbox 614 1005 696 1068; x_wconf 89' lang='lat' dir='ltr'><strong>qnae</strong></span> <span class='ocrx_word' id='word_1_34' title='bbox 719 981 907 1048; x_wconf 85' lang='lat' dir='ltr'><strong>Grotefendi</strong></span> <span class='ocrx_word' id='word_1_35' title='bbox 929 987 978 1048; x_wconf 90' lang='lat' dir='ltr'><strong>est</strong></span> <span class='ocrx_word' id='word_1_36' title='bbox 999 983 1107 1068; x_wconf 89' lang='lat' dir='ltr'><strong>opinio</strong></span> <span class='ocrx_word' id='word_1_37' title='bbox 1126 981 1180 1045; x_wconf 91' lang='grc'><strong>1111</strong></span> <span class='ocrx_word' id='word_1_38' title='bbox 1202 1003 1277 1046; x_wconf 90' lang='lat' dir='ltr'><strong>usus</strong></span> <span class='ocrx_word' id='word_1_39' title='bbox 1299 984 1361 1048; x_wconf 91' lang='lat' dir='ltr'><strong>erit</strong></span> <span class='ocrx_word' id='word_1_40' title='bbox 1382 984 1480 1048; x_wconf 92' lang='lat' dir='ltr'><strong>dedu-</strong></span> 
     </span>
     <span class='ocr_line' id='line_1_7' title="bbox 411 1063 1481 1153; baseline 0 -18"><span class='ocrx_word' id='word_1_41' title='bbox 411 1069 537 1136; x_wconf 87' lang='lat' dir='ltr'><strong>cendus.</strong></span> <span class='ocrx_word' id='word_1_42' title='bbox 581 1067 666 1134; x_wconf 89' lang='lat' dir='ltr'><strong>Nam</strong></span> <span class='ocrx_word' id='word_1_43' title='bbox 688 1067 896 1134; x_wconf 88' lang='lat' dir='ltr'><strong>concedamus</strong></span> <span class='ocrx_word' id='word_1_44' title='bbox 918 1068 1083 1153; x_wconf 88' lang='lat' dir='ltr'><strong>passivum</strong></span> <span class='ocrx_word' id='word_1_45' title='bbox 1110 1063 1252 1151; x_wconf 77' lang='lat' dir='ltr'><strong>emedio</strong></span> <span class='ocrx_word' id='word_1_46' title='bbox 1280 1089 1347 1132; x_wconf 86' lang='lat' dir='ltr'><strong>esse</strong></span> <span class='ocrx_word' id='word_1_47' title='bbox 1368 1073 1481 1136; x_wconf 89' lang='lat' dir='ltr'><strong>natum</strong></span> 
     </span>
     <span class='ocr_line' id='line_1_8' title="bbox 411 1151 1481 1240; baseline 0 -19"><span class='ocrx_word' id='word_1_48' title='bbox 411 1159 444 1221; x_wconf 88' lang='lat' dir='ltr'><strong>et</strong></span> <span class='ocrx_word' id='word_1_49' title='bbox 465 1155 629 1220; x_wconf 89' lang='lat' dir='ltr'><strong>notionem</strong></span> <span class='ocrx_word' id='word_1_50' title='bbox 651 1153 769 1238; x_wconf 85' lang='lat' dir='ltr'><strong>passivi</strong></span> <span class='ocrx_word' id='word_1_51' title='bbox 790 1155 977 1239; x_wconf 87' lang='lat' dir='ltr'><strong>primariam</strong></span> <span class='ocrx_word' id='word_1_52' title='bbox 998 1154 1096 1218; x_wconf 83' lang='lat' dir='ltr'><strong>fuisse</strong></span> <span class='ocrx_word' id='word_1_53' title='bbox 1117 1151 1316 1231; x_wconf 84' lang='lat' dir='ltr'><strong>reflexivam,</strong></span> <span class='ocrx_word' id='word_1_54' title='bbox 1345 1156 1422 1240; x_wconf 91' lang='lat' dir='ltr'><strong>quid</strong></span> <span class='ocrx_word' id='word_1_55' title='bbox 1444 1178 1481 1220; x_wconf 86' lang='lat' dir='ltr'><strong>ee</strong></span> 
     </span>
     <span class='ocr_line' id='line_1_9' title="bbox 410 1237 1480 1324; baseline -0.002 -16"><span class='ocrx_word' id='word_1_56' title='bbox 410 1263 444 1308; x_wconf 88' lang='lat' dir='ltr'><strong>re</strong></span> <span class='ocrx_word' id='word_1_57' title='bbox 465 1241 612 1306; x_wconf 82' lang='lat' dir='ltr'><strong>iuvamur</strong></span> <span class='ocrx_word' id='word_1_58' title='bbox 633 1237 674 1304; x_wconf 92' lang='lat' dir='ltr'><strong>ad</strong></span> <span class='ocrx_word' id='word_1_59' title='bbox 695 1239 919 1323; x_wconf 88' lang='lat' dir='ltr'><strong>explicandum</strong></span> <span class='ocrx_word' id='word_1_60' title='bbox 942 1239 1008 1304; x_wconf 82' lang='lat' dir='ltr'><strong>dat¹</strong></span> <span class='ocrx_word' id='word_1_61' title='bbox 1027 1239 1114 1324; x_wconf 88' lang='lat' dir='ltr'><strong>apud</strong></span> <span class='ocrx_word' id='word_1_62' title='bbox 1134 1259 1217 1322; x_wconf 87' lang='lat' dir='ltr'><strong>pass.</strong></span> <span class='ocrx_word' id='word_1_63' title='bbox 1239 1238 1357 1304; x_wconf 86' lang='lat' dir='ltr'><strong>formas</strong></span> <span class='ocrx_word' id='word_1_64' title='bbox 1378 1263 1480 1322; x_wconf 87' lang='lat' dir='ltr'><strong>usum,</strong></span> 
     </span>
     <span class='ocr_line' id='line_1_10' title="bbox 411 1323 1480 1412; baseline -0.002 -20"><span class='ocrx_word' id='word_1_65' title='bbox 411 1327 438 1392; x_wconf 90' lang='lat' dir='ltr'><strong>si</strong></span> <span class='ocrx_word' id='word_1_66' title='bbox 460 1325 513 1392; x_wconf 89' lang='lat' dir='ltr'><strong>hic</strong></span> <span class='ocrx_word' id='word_1_67' title='bbox 534 1348 610 1390; x_wconf 89' lang='lat' dir='ltr'><strong>usus</strong></span> <span class='ocrx_word' id='word_1_68' title='bbox 630 1347 695 1388; x_wconf 92' lang='lat' dir='ltr'><strong>non</strong></span> <span class='ocrx_word' id='word_1_69' title='bbox 717 1327 860 1412; x_wconf 85' lang='lat' dir='ltr'><strong>tempore</strong></span> <span class='ocrx_word' id='word_1_70' title='bbox 872 1325 1053 1412; x_wconf 84' lang='lat' dir='ltr'><strong>antiquiore</strong></span> <span class='ocrx_word' id='word_1_71' title='bbox 1065 1324 1121 1389; x_wconf 86' lang='lat' dir='ltr'><strong>sed</strong></span> <span class='ocrx_word' id='word_1_72' title='bbox 1136 1323 1312 1388; x_wconf 83' lang='lat' dir='ltr'><strong>recentiore</strong></span> <span class='ocrx_word' id='word_1_73' title='bbox 1332 1324 1480 1410; x_wconf 85' lang='lat' dir='ltr'><strong>frequen-</strong></span> 
     </span>
     <span class='ocr_line' id='line_1_11' title="bbox 411 1408 1482 1558; baseline -0.001 -81"><span class='ocrx_word' id='word_1_74' title='bbox 411 1413 474 1478; x_wconf 91' lang='lat' dir='ltr'><strong>tior</strong></span> <span class='ocrx_word' id='word_1_75' title='bbox 496 1409 655 1508; x_wconf 74' lang='lat' dir='ltr'><strong>occurrit?</strong></span> <span class='ocrx_word' id='word_1_76' title='bbox 676 1409 790 1496; x_wconf 87' lang='lat' dir='ltr'><strong>Itaque</strong></span> <span class='ocrx_word' id='word_1_77' title='bbox 811 1411 879 1509; x_wconf 83' lang='lat' dir='ltr'><strong>dat.</strong></span> <span class='ocrx_word' id='word_1_78' title='bbox 899 1411 1042 1510; x_wconf 69' lang='lat' dir='ltr'><strong>bionon</strong></span> <span class='ocrx_word' id='word_1_79' title='bbox 1064 1413 1132 1475; x_wconf 85' lang='lat' dir='ltr'><strong>tam</strong></span> <span class='ocrx_word' id='word_1_80' title='bbox 1153 1431 1194 1507; x_wconf 64' lang='grc'><strong>11</strong></span> <span class='ocrx_word' id='word_1_81' title='bbox 1216 1408 1342 1558; x_wconf 57' lang='lat' dir='ltr'><strong>origine</strong></span> <span class='ocrx_word' id='word_1_82' title='bbox 1362 1412 1482 1496; x_wconf 88' lang='lat' dir='ltr'><strong>passivi</strong></span> 
     </span>
     <span class='ocr_line' id='line_1_12' title="bbox 410 1495 1481 1668; baseline -0.002 -20"><span class='ocrx_word' id='word_1_83' title='bbox 410 1521 508 1648; x_wconf 61' lang='lat' dir='ltr'><strong>tnta</strong></span> <span class='ocrx_word' id='word_1_84' title='bbox 522 1501 697 1668; x_wconf 62' lang='lat' dir='ltr'><strong>stitit?</strong></span> <span class='ocrx_word' id='word_1_85' title='bbox 719 1495 1012 1646; x_wconf 59' lang='lat' dir='ltr'><strong>ailinane</strong></span> <span class='ocrx_word' id='word_1_86' title='bbox 1021 1518 1106 1666; x_wconf 68' lang='grc'><strong>,111</strong></span> <span class='ocrx_word' id='word_1_87' title='bbox 1117 1499 1242 1643; x_wconf 58' lang='lat' dir='ltr'><strong>titt</strong></span> <span class='ocrx_word' id='word_1_88' title='bbox 1243 1496 1481 1646; x_wconf 67' lang='grc'><strong>1211111</strong></span> 
     </span>
     <span class='ocr_line' id='line_1_13' title="bbox 411 1665 1480 1752; baseline -0.003 -18"><span class='ocrx_word' id='word_1_89' title='bbox 411 1691 485 1734; x_wconf 88' lang='lat' dir='ltr'><strong>cum</strong></span> <span class='ocrx_word' id='word_1_90' title='bbox 497 1669 601 1734; x_wconf 88' lang='lat' dir='ltr'><strong>activo</strong></span> <span class='ocrx_word' id='word_1_91' title='bbox 617 1669 687 1732; x_wconf 87' lang='lat' dir='ltr'><strong>erat</strong></span> <span class='ocrx_word' id='word_1_92' title='bbox 698 1667 904 1732; x_wconf 88' lang='lat' dir='ltr'><strong>coniunctum</strong></span> <span class='ocrx_word' id='word_1_93' title='bbox 926 1672 960 1732; x_wconf 87' lang='lat' dir='ltr'><strong>et</strong></span> <span class='ocrx_word' id='word_1_94' title='bbox 975 1671 1080 1733; x_wconf 89' lang='lat' dir='ltr'><strong>totum</strong></span> <span class='ocrx_word' id='word_1_95' title='bbox 1095 1667 1137 1731; x_wconf 91' lang='lat' dir='ltr'><strong>ab</strong></span> <span class='ocrx_word' id='word_1_96' title='bbox 1149 1687 1186 1730; x_wconf 93' lang='lat' dir='ltr'><strong>eo</strong></span> <span class='ocrx_word' id='word_1_97' title='bbox 1207 1665 1368 1749; x_wconf 85' lang='lat' dir='ltr'><strong>pendebat</strong></span> <span class='ocrx_word' id='word_1_98' title='bbox 1389 1667 1480 1752; x_wconf 88' lang='lat' dir='ltr'><strong>paul·</strong></span> 
     </span>
     <span class='ocr_line' id='line_1_14' title="bbox 410 1750 1481 1840; baseline -0.003 -20"><span class='ocrx_word' id='word_1_99' title='bbox 410 1755 503 1820; x_wconf 89' lang='lat' dir='ltr'><strong>latim</strong></span> <span class='ocrx_word' id='word_1_100' title='bbox 513 1754 616 1840; x_wconf 87' lang='lat' dir='ltr'><strong>magis</strong></span> <span class='ocrx_word' id='word_1_101' title='bbox 628 1750 794 1836; x_wconf 86' lang='lat' dir='ltr'><strong>magisque</strong></span> <span class='ocrx_word' id='word_1_102' title='bbox 809 1753 1067 1817; x_wconf 88' lang='lat' dir='ltr'><strong>coniunctionem</strong></span> <span class='ocrx_word' id='word_1_103' title='bbox 1088 1750 1212 1816; x_wconf 83' lang='lat' dir='ltr'><strong>laxavit</strong></span> <span class='ocrx_word' id='word_1_104' title='bbox 1234 1753 1267 1814; x_wconf 91' lang='lat' dir='ltr'><strong>et</strong></span> <span class='ocrx_word' id='word_1_105' title='bbox 1288 1751 1395 1816; x_wconf 90' lang='lat' dir='ltr'><strong>induit</strong></span> <span class='ocrx_word' id='word_1_106' title='bbox 1415 1751 1481 1818; x_wconf 87' lang='lat' dir='ltr'><strong>fere</strong></span> 
     </span>
     <span class='ocr_line' id='line_1_15' title="bbox 411 1835 1480 1921; baseline -0.004 -15"><span class='ocrx_word' id='word_1_107' title='bbox 411 1843 560 1906; x_wconf 88' lang='lat' dir='ltr'><strong>naturam</strong></span> <span class='ocrx_word' id='word_1_108' title='bbox 582 1837 659 1904; x_wconf 80' lang='lat' dir='ltr'><strong>novi</strong></span> <span class='ocrx_word' id='word_1_109' title='bbox 687 1837 789 1914; x_wconf 87' lang='lat' dir='ltr'><strong>verbi,</strong></span> <span class='ocrx_word' id='word_1_110' title='bbox 818 1837 954 1903; x_wconf 87' lang='lat' dir='ltr'><strong>derivati</strong></span> <span class='ocrx_word' id='word_1_111' title='bbox 977 1838 1105 1921; x_wconf 88' lang='lat' dir='ltr'><strong>quidem</strong></span> <span class='ocrx_word' id='word_1_112' title='bbox 1128 1837 1169 1900; x_wconf 89' lang='lat' dir='ltr'><strong>ab</strong></span> <span class='ocrx_word' id='word_1_113' title='bbox 1191 1835 1297 1900; x_wconf 85' lang='lat' dir='ltr'><strong>activo</strong></span> <span class='ocrx_word' id='word_1_114' title='bbox 1319 1859 1383 1902; x_wconf 90' lang='lat' dir='ltr'><strong>non</strong></span> <span class='ocrx_word' id='word_1_115' title='bbox 1405 1859 1480 1902; x_wconf 80' lang='lat' dir='ltr'><strong>vero</strong></span> 
     </span>
     <span class='ocr_line' id='line_1_16' title="bbox 411 1921 1480 2012; baseline -0.005 -20"><span class='ocrx_word' id='word_1_116' title='bbox 411 1925 630 2012; x_wconf 86' lang='lat' dir='ltr'><strong>dependentis.</strong></span> <span class='ocrx_word' id='word_1_117' title='bbox 668 1921 760 1998; x_wconf 83' lang='lat' dir='ltr'><strong>Quod</strong></span> <span class='ocrx_word' id='word_1_118' title='bbox 777 1943 849 1988; x_wconf 88' lang='lat' dir='ltr'><strong>cum</strong></span> <span class='ocrx_word' id='word_1_119' title='bbox 870 1926 904 1988; x_wconf 90' lang='lat' dir='ltr'><strong>in</strong></span> <span class='ocrx_word' id='word_1_120' title='bbox 927 1924 1041 1986; x_wconf 88' lang='lat' dir='ltr'><strong>ceteris</strong></span> <span class='ocrx_word' id='word_1_121' title='bbox 1064 1923 1169 1987; x_wconf 86' lang='lat' dir='ltr'><strong>verbis</strong></span> <span class='ocrx_word' id='word_1_122' title='bbox 1191 1921 1387 2002; x_wconf 87' lang='lat' dir='ltr'><strong>factumest,</strong></span> <span class='ocrx_word' id='word_1_123' title='bbox 1410 1927 1480 1987; x_wconf 88' lang='lat' dir='ltr'><strong>tum</strong></span> 
     </span>
     <span class='ocr_line' id='line_1_17' title="bbox 403 2005 1480 2180; baseline -0.005 -16"><span class='ocrx_word' id='word_1_124' title='bbox 403 2007 1153 2179; x_wconf 60' lang='grc'><strong>1111111111111111111111</strong></span> <span class='ocrx_word' id='word_1_125' title='bbox 1176 2005 1363 2158; x_wconf 52' lang='lat' dir='ltr'><strong>tntilli</strong></span> <span class='ocrx_word' id='word_1_126' title='bbox 1385 2031 1480 2180; x_wconf 62' lang='lat' dir='ltr'><strong>{lim</strong></span> 
     </span>
     <span class='ocr_line' id='line_1_18' title="bbox 410 2178 1479 2272; baseline -0.007 -20"><span class='ocrx_word' id='word_1_127' title='bbox 410 2183 601 2272; x_wconf 84' lang='lat' dir='ltr'><strong>positionem</strong></span> <span class='ocrx_word' id='word_1_128' title='bbox 630 2201 702 2244; x_wconf 89' lang='lat' dir='ltr'><strong>cum</strong></span> <span class='ocrx_word' id='word_1_129' title='bbox 730 2179 806 2244; x_wconf 88' lang='lat' dir='ltr'><strong>abl.⁰</strong></span> <span class='ocrx_word' id='word_1_130' title='bbox 826 2201 981 2265; x_wconf 89' lang='lat' dir='ltr'><strong>personae</strong></span> <span class='ocrx_word' id='word_1_131' title='bbox 1008 2181 1050 2243; x_wconf 90' lang='lat' dir='ltr'><strong>ad</strong></span> <span class='ocrx_word' id='word_1_132' title='bbox 1070 2178 1234 2263; x_wconf 79' lang='lat' dir='ltr'><strong>passivum</strong></span> <span class='ocrx_word' id='word_1_133' title='bbox 1255 2179 1331 2263; x_wconf 90' lang='lat' dir='ltr'><strong>poni</strong></span> <span class='ocrx_word' id='word_1_134' title='bbox 1353 2201 1479 2244; x_wconf 89' lang='lat' dir='ltr'><strong>necesse</strong></span> 
     </span>
     <span class='ocr_line' id='line_1_19' title="bbox 410 2263 1479 2364; baseline -0.007 -28"><span class='ocrx_word' id='word_1_135' title='bbox 410 2275 472 2347; x_wconf 89' lang='lat' dir='ltr'><strong>est;</strong></span> <span class='ocrx_word' id='word_1_136' title='bbox 501 2270 528 2336; x_wconf 88' lang='lat' dir='ltr'><strong>si</strong></span> <span class='ocrx_word' id='word_1_137' title='bbox 556 2289 630 2334; x_wconf 87' lang='lat' dir='ltr'><strong>vero</strong></span> <span class='ocrx_word' id='word_1_138' title='bbox 656 2267 785 2330; x_wconf 91' lang='lat' dir='ltr'><strong>tantum</strong></span> <span class='ocrx_word' id='word_1_139' title='bbox 804 2265 854 2364; x_wconf 81' lang='lat' dir='ltr'><strong>&#39;ad</strong></span> <span class='ocrx_word' id='word_1_140' title='bbox 878 2288 976 2350; x_wconf 87' lang='lat' dir='ltr'><strong>quem</strong></span> <span class='ocrx_word' id='word_1_141' title='bbox 1004 2265 1087 2330; x_wconf 88' lang='lat' dir='ltr'><strong>actio</strong></span> <span class='ocrx_word' id='word_1_142' title='bbox 1123 2263 1212 2328; x_wconf 80' lang='lat' dir='ltr'><strong>verbi</strong></span> <span class='ocrx_word' id='word_1_143' title='bbox 1235 2265 1395 2362; x_wconf 83' lang='lat' dir='ltr'><strong>pertineat</strong></span> <span class='ocrx_word' id='word_1_144' title='bbox 1417 2265 1479 2362; x_wconf 79' lang='lat' dir='ltr'><strong>diei</strong></span> 
     </span>
     <span class='ocr_line' id='line_1_20' title="bbox 412 2349 1479 2532; baseline -0.02 -26"><span class='ocrx_word' id='word_1_145' title='bbox 412 2349 1479 2532; x_wconf 63' lang='grc'><strong>1111111111111·1111111111..11</strong></span> 
     </span>
     <span class='ocr_line' id='line_1_21' title="bbox 415 2520 1479 2607; baseline -0.007 -17"><span class='ocrx_word' id='word_1_146' title='bbox 415 2525 531 2590; x_wconf 90' lang='lat' dir='ltr'><strong>simum</strong></span> <span class='ocrx_word' id='word_1_147' title='bbox 559 2523 669 2586; x_wconf 83' lang='lat' dir='ltr'><strong>formis</strong></span> <span class='ocrx_word' id='word_1_148' title='bbox 697 2544 778 2607; x_wconf 88' lang='lat' dir='ltr'><strong>quae</strong></span> <span class='ocrx_word' id='word_1_149' title='bbox 805 2521 972 2588; x_wconf 85' lang='lat' dir='ltr'><strong>adiectivis</strong></span> <span class='ocrx_word' id='word_1_150' title='bbox 1001 2524 1078 2586; x_wconf 89' lang='lat' dir='ltr'><strong>sunt</strong></span> <span class='ocrx_word' id='word_1_151' title='bbox 1107 2521 1284 2586; x_wconf 83' lang='lat' dir='ltr'><strong>armiliores.</strong></span> <span class='ocrx_word' id='word_1_152' title='bbox 1328 2520 1372 2585; x_wconf 82' lang='lat' dir='ltr'><strong>Et</strong></span> <span class='ocrx_word' id='word_1_153' title='bbox 1393 2522 1479 2604; x_wconf 92' lang='lat' dir='ltr'><strong>apud</strong></span> 
     </span>
     <span class='ocr_line' id='line_1_22' title="bbox 417 2607 1479 2694; baseline -0.005 -18"><span class='ocrx_word' id='word_1_154' title='bbox 417 2610 501 2694; x_wconf 86' lang='lat' dir='ltr'><strong>part.</strong></span> <span class='ocrx_word' id='word_1_155' title='bbox 526 2629 628 2694; x_wconf 85' lang='lat' dir='ltr'><strong>praes.</strong></span> <span class='ocrx_word' id='word_1_156' title='bbox 658 2629 741 2693; x_wconf 89' lang='lat' dir='ltr'><strong>pass.</strong></span> <span class='ocrx_word' id='word_1_157' title='bbox 775 2607 853 2673; x_wconf 86' lang='lat' dir='ltr'><strong>adeo</strong></span> <span class='ocrx_word' id='word_1_158' title='bbox 881 2608 946 2673; x_wconf 90' lang='lat' dir='ltr'><strong>dat.</strong></span> <span class='ocrx_word' id='word_1_159' title='bbox 970 2628 1127 2692; x_wconf 87' lang='lat' dir='ltr'><strong>personae</strong></span> <span class='ocrx_word' id='word_1_160' title='bbox 1151 2607 1349 2692; x_wconf 82' lang='lat' dir='ltr'><strong>frequentior</strong></span> <span class='ocrx_word' id='word_1_161' title='bbox 1371 2609 1479 2671; x_wconf 87' lang='grc'><strong>11111</strong></span> 
     </span>
     <span class='ocr_line' id='line_1_23' title="bbox 417 2692 1478 2779; baseline -0.002 -21"><span class='ocrx_word' id='word_1_162' title='bbox 417 2693 480 2760; x_wconf 86' lang='lat' dir='ltr'><strong>abl.</strong></span> <span class='ocrx_word' id='word_1_163' title='bbox 497 2715 567 2760; x_wconf 91' lang='lat' dir='ltr'><strong>cum</strong></span> <span class='ocrx_word' id='word_1_164' title='bbox 590 2693 669 2760; x_wconf 88' lang='lat' dir='ltr'><strong>alias</strong></span> <span class='ocrx_word' id='word_1_165' title='bbox 690 2716 834 2779; x_wconf 87' lang='lat' dir='ltr'><strong>perraro,</strong></span> <span class='ocrx_word' id='word_1_166' title='bbox 858 2697 929 2758; x_wconf 92' lang='lat' dir='ltr'><strong>tum</strong></span> <span class='ocrx_word' id='word_1_167' title='bbox 952 2715 1003 2778; x_wconf 89' lang='lat' dir='ltr'><strong>ap.</strong></span> <span class='ocrx_word' id='word_1_168' title='bbox 1025 2692 1121 2756; x_wconf 88' lang='lat' dir='ltr'><strong>Mart.</strong></span> <span class='ocrx_word' id='word_1_169' title='bbox 1144 2714 1303 2777; x_wconf 88' lang='lat' dir='ltr'><strong>nusquam</strong></span> <span class='ocrx_word' id='word_1_170' title='bbox 1324 2692 1478 2758; x_wconf 89' lang='lat' dir='ltr'><strong>invenias.</strong></span> 
     </span>
     <span class='ocr_line' id='line_1_24' title="bbox 416 2779 1480 2930; baseline -0.004 -84"><span class='ocrx_word' id='word_1_171' title='bbox 416 2779 523 2866; x_wconf 86' lang='lat' dir='ltr'><strong>Atque</strong></span> <span class='ocrx_word' id='word_1_172' title='bbox 558 2779 640 2846; x_wconf 90' lang='lat' dir='ltr'><strong>mihi</strong></span> <span class='ocrx_word' id='word_1_173' title='bbox 669 2779 798 2930; x_wconf 69' lang='lat' dir='ltr'><strong>quidem</strong></span> <span class='ocrx_word' id='word_1_174' title='bbox 825 2779 921 2880; x_wconf 78' lang='lat' dir='ltr'><strong>Mart.</strong></span> <span class='ocrx_word' id='word_1_175' title='bbox 943 2779 1057 2866; x_wconf 89' lang='lat' dir='ltr'><strong>partic.</strong></span> <span class='ocrx_word' id='word_1_176' title='bbox 1080 2800 1197 2878; x_wconf 64' lang='lat' dir='ltr'><strong>praees.</strong></span> <span class='ocrx_word' id='word_1_177' title='bbox 1229 2800 1312 2862; x_wconf 84' lang='lat' dir='ltr'><strong>pass.</strong></span> <span class='ocrx_word' id='word_1_178' title='bbox 1341 2800 1376 2875; x_wconf 81' lang='lat' dir='ltr'><strong>re</strong></span> <span class='ocrx_word' id='word_1_179' title='bbox 1404 2800 1480 2876; x_wconf 77' lang='lat' dir='ltr'><strong>vera</strong></span> 
     </span>
     <span class='ocr_line' id='line_1_25' title="bbox 413 2863 1479 3047; baseline -0.003 -31"><span class='ocrx_word' id='word_1_180' title='bbox 413 2949 516 3036; x_wconf 85' lang='lat'>(151,</span> <span class='ocrx_word' id='word_1_181' title='bbox 540 2953 583 3036; x_wconf 84' lang='lat'><strong>5),</strong></span> <span class='ocrx_word' id='word_1_182' title='bbox 609 2863 1479 3047; x_wconf 55' lang='grc' dir='ltr'><strong>..1111111111111111111ἰὶ111</strong></span> 
     </span>
     <span class='ocr_line' id='line_1_26' title="bbox 412 3034 1477 3124; baseline -0.003 -23"><span class='ocrx_word' id='word_1_183' title='bbox 412 3037 571 3124; x_wconf 72' lang='lat' dir='ltr'><strong>peranda«</strong></span> <span class='ocrx_word' id='word_1_184' title='bbox 598 3059 659 3102; x_wconf 86' lang='lat' dir='ltr'><strong>vox</strong></span> <span class='ocrx_word' id='word_1_185' title='bbox 681 3037 778 3122; x_wconf 88' lang='lat' dir='ltr'><strong>plane</strong></span> <span class='ocrx_word' id='word_1_186' title='bbox 800 3036 870 3120; x_wconf 79' lang='lat' dir='ltr'><strong>adj.¹</strong></span> <span class='ocrx_word' id='word_1_187' title='bbox 890 3036 997 3102; x_wconf 89' lang='lat' dir='ltr'><strong>induit</strong></span> <span class='ocrx_word' id='word_1_188' title='bbox 1007 3040 1167 3100; x_wconf 89' lang='lat' dir='ltr'><strong>naturam.</strong></span> <span class='ocrx_word' id='word_1_189' title='bbox 1199 3034 1295 3100; x_wconf 90' lang='lat' dir='ltr'><strong>Nunc</strong></span> <span class='ocrx_word' id='word_1_190' title='bbox 1313 3036 1380 3119; x_wconf 89' lang='lat' dir='ltr'><strong>jam</strong></span> <span class='ocrx_word' id='word_1_191' title='bbox 1401 3035 1477 3098; x_wconf 93' lang='lat' dir='ltr'><strong>reh-</strong></span> 
     </span>
     <span class='ocr_line' id='line_1_27' title="bbox 413 3119 1478 3209; baseline -0.005 -21"><span class='ocrx_word' id='word_1_192' title='bbox 413 3145 476 3208; x_wconf 89' lang='lat' dir='ltr'><strong>qua</strong></span> <span class='ocrx_word' id='word_1_193' title='bbox 503 3123 599 3208; x_wconf 89' lang='lat' dir='ltr'><strong>hujus</strong></span> <span class='ocrx_word' id='word_1_194' title='bbox 632 3123 758 3209; x_wconf 84' lang='lat' dir='ltr'><strong>generis</strong></span> <span class='ocrx_word' id='word_1_195' title='bbox 786 3123 951 3208; x_wconf 86' lang='lat' dir='ltr'><strong>exempla,</strong></span> <span class='ocrx_word' id='word_1_196' title='bbox 984 3144 1065 3206; x_wconf 87' lang='lat' dir='ltr'><strong>quae</strong></span> <span class='ocrx_word' id='word_1_197' title='bbox 1095 3143 1147 3204; x_wconf 91' lang='lat' dir='ltr'><strong>ap.</strong></span> <span class='ocrx_word' id='word_1_198' title='bbox 1174 3119 1269 3186; x_wconf 89' lang='lat' dir='ltr'><strong>Mart.</strong></span> <span class='ocrx_word' id='word_1_199' title='bbox 1298 3124 1478 3199; x_wconf 89' lang='lat' dir='ltr'><strong>occurrunt,</strong></span> 
     </span>
     <span class='ocr_line' id='line_1_28' title="bbox 412 3204 1476 3294; baseline -0.003 -22"><span class='ocrx_word' id='word_1_200' title='bbox 412 3209 622 3274; x_wconf 86' lang='lat' dir='ltr'><strong>enumerabo:</strong></span> <span class='ocrx_word' id='word_1_201' title='bbox 646 3230 694 3294; x_wconf 91' lang='lat' dir='ltr'><strong>ep.</strong></span> <span class='ocrx_word' id='word_1_202' title='bbox 712 3209 762 3287; x_wconf 84' lang='lat'><strong>17,</strong></span> <span class='ocrx_word' id='word_1_203' title='bbox 779 3209 808 3272; x_wconf 85' lang='lat'><strong>2.</strong></span> <span class='ocrx_word' id='word_1_204' title='bbox 830 3211 924 3272; x_wconf 90' lang='lat' dir='ltr'><strong>tauro</strong></span> <span class='ocrx_word' id='word_1_205' title='bbox 939 3206 1130 3273; x_wconf 88' lang='lat' dir='ltr'><strong>metuendus</strong></span> <span class='ocrx_word' id='word_1_206' title='bbox 1153 3205 1322 3292; x_wconf 83' lang='lat' dir='ltr'><strong>(elephas.)</strong></span> <span class='ocrx_word' id='word_1_207' title='bbox 1343 3204 1476 3270; x_wconf 79' lang='grc'><strong>111193.</strong></span> 
     </span>
     <span class='ocr_line' id='line_1_29' title="bbox 412 3291 1476 3380; baseline -0.005 -20"><span class='ocrx_word' id='word_1_208' title='bbox 412 3293 596 3360; x_wconf 86' lang='lat' dir='ltr'><strong>Diomedeis</strong></span> <span class='ocrx_word' id='word_1_209' title='bbox 624 3297 701 3358; x_wconf 90' lang='lat' dir='ltr'><strong>met.</strong></span> <span class='ocrx_word' id='word_1_210' title='bbox 730 3293 850 3380; x_wconf 86' lang='lat' dir='ltr'><strong>setiger</strong></span> <span class='ocrx_word' id='word_1_211' title='bbox 877 3295 973 3380; x_wconf 86' lang='lat' dir='ltr'><strong>egris.</strong></span> <span class='ocrx_word' id='word_1_212' title='bbox 1009 3293 1071 3376; x_wconf 85' lang='lat' dir='ltr'><strong>Ap.</strong></span> <span class='ocrx_word' id='word_1_213' title='bbox 1095 3291 1166 3356; x_wconf 89' lang='grc'><strong>197.</strong></span> <span class='ocrx_word' id='word_1_214' title='bbox 1189 3291 1251 3355; x_wconf 90' lang='lat' dir='ltr'><strong>tibi</strong></span> <span class='ocrx_word' id='word_1_215' title='bbox 1276 3294 1352 3355; x_wconf 91' lang='lat' dir='ltr'><strong>met.</strong></span> <span class='ocrx_word' id='word_1_216' title='bbox 1373 3291 1476 3356; x_wconf 90' lang='lat' dir='ltr'><strong>ruina.</strong></span> 
     </span>
     <span class='ocr_line' id='line_1_30' title="bbox 413 3375 1477 3465; baseline -0.005 -21"><span class='ocrx_word' id='word_1_217' title='bbox 413 3379 462 3444; x_wconf 89' lang='lat' dir='ltr'><strong>IV</strong></span> <span class='ocrx_word' id='word_1_218' title='bbox 485 3381 535 3458; x_wconf 84' lang='lat'><strong>75,</strong></span> <span class='ocrx_word' id='word_1_219' title='bbox 558 3382 587 3444; x_wconf 89' lang='lat'><strong>8.</strong></span> <span class='ocrx_word' id='word_1_220' title='bbox 610 3379 671 3444; x_wconf 90' lang='lat' dir='ltr'><strong>tibi</strong></span> <span class='ocrx_word' id='word_1_221' title='bbox 694 3379 877 3465; x_wconf 86' lang='lat' dir='ltr'><strong>probandus</strong></span> <span class='ocrx_word' id='word_1_222' title='bbox 900 3401 999 3444; x_wconf 88' lang='lat' dir='ltr'><strong>amor.</strong></span> <span class='ocrx_word' id='word_1_223' title='bbox 1022 3377 1119 3455; x_wconf 72' lang='lat' dir='ltr'><strong>Vra,</strong></span> <span class='ocrx_word' id='word_1_224' title='bbox 1142 3379 1170 3442; x_wconf 88' lang='grc'><strong>6.</strong></span> <span class='ocrx_word' id='word_1_225' title='bbox 1193 3377 1346 3442; x_wconf 88' lang='lat' dir='ltr'><strong>coliculus</strong></span> <span class='ocrx_word' id='word_1_226' title='bbox 1367 3375 1477 3461; x_wconf 81' lang='lat' dir='ltr'><strong>digitis</strong></span> 
     </span>
     <span class='ocr_line' id='line_1_31' title="bbox 412 3461 1476 3549; baseline -0.005 -19"><span class='ocrx_word' id='word_1_227' title='bbox 412 3465 494 3530; x_wconf 85' lang='lat' dir='ltr'><strong>netis</strong></span> <span class='ocrx_word' id='word_1_228' title='bbox 526 3466 692 3532; x_wconf 88' lang='lat' dir='ltr'><strong>tenendus.</strong></span> <span class='ocrx_word' id='word_1_229' title='bbox 715 3463 780 3530; x_wconf 87' lang='lat' dir='ltr'><strong>XII</strong></span> <span class='ocrx_word' id='word_1_230' title='bbox 808 3465 859 3544; x_wconf 88' lang='grc'><strong>74,</strong></span> <span class='ocrx_word' id='word_1_231' title='bbox 887 3465 936 3530; x_wconf 89' lang='grc'><strong>10.</strong></span> <span class='ocrx_word' id='word_1_232' title='bbox 960 3463 1156 3549; x_wconf 81' lang='lat' dir='ltr'><strong>frangendus</strong></span> <span class='ocrx_word' id='word_1_233' title='bbox 1181 3463 1242 3527; x_wconf 92' lang='lat' dir='ltr'><strong>tibi</strong></span> <span class='ocrx_word' id='word_1_234' title='bbox 1264 3463 1361 3526; x_wconf 90' lang='lat' dir='ltr'><strong>fuerit</strong></span> <span class='ocrx_word' id='word_1_235' title='bbox 1383 3461 1476 3526; x_wconf 84' lang='lat' dir='ltr'><strong>calix.</strong></span> 
     </span>
     <span class='ocr_line' id='line_1_32' title="bbox 413 3548 1477 3628; baseline -0.004 -12"><span class='ocrx_word' id='word_1_236' title='bbox 413 3548 429 3616; x_wconf 94' lang='lat' dir='ltr'>I</span> <span class='ocrx_word' id='word_1_237' title='bbox 445 3551 496 3628; x_wconf 90' lang='grc'><strong>70,</strong></span> <span class='ocrx_word' id='word_1_238' title='bbox 513 3552 541 3616; x_wconf 96' lang='grc'><strong>5.</strong></span> <span class='ocrx_word' id='word_1_239' title='bbox 564 3551 692 3617; x_wconf 88' lang='lat' dir='ltr'><strong>Palatia</strong></span> <span class='ocrx_word' id='word_1_240' title='bbox 707 3549 888 3618; x_wconf 85' lang='lat' dir='ltr'><strong>veneranda</strong></span> <span class='ocrx_word' id='word_1_241' title='bbox 901 3572 991 3616; x_wconf 88' lang='lat' dir='ltr'><strong>sacro</strong></span> <span class='ocrx_word' id='word_1_242' title='bbox 1002 3549 1094 3613; x_wconf 84' lang='lat' dir='ltr'><strong>olivo.</strong></span> <span class='ocrx_word' id='word_1_243' title='bbox 1110 3549 1139 3613; x_wconf 91' lang='lat' dir='ltr'>X</span> <span class='ocrx_word' id='word_1_244' title='bbox 1155 3550 1205 3627; x_wconf 85' lang='lat'><strong>58,</strong></span> <span class='ocrx_word' id='word_1_245' title='bbox 1219 3550 1268 3614; x_wconf 88' lang='grc'><strong>13.</strong></span> <span class='ocrx_word' id='word_1_246' title='bbox 1280 3548 1361 3611; x_wconf 89' lang='lat' dir='ltr'><strong>mihi</strong></span> <span class='ocrx_word' id='word_1_247' title='bbox 1372 3569 1477 3612; x_wconf 84' lang='lat' dir='ltr'><strong>vener.</strong></span> 
     </span>
     <span class='ocr_line' id='line_1_33' title="bbox 411 3633 1476 3718; baseline -0.003 -18"><span class='ocrx_word' id='word_1_248' title='bbox 411 3657 510 3701; x_wconf 87' lang='lat' dir='ltr'><strong>sacra.</strong></span> <span class='ocrx_word' id='word_1_249' title='bbox 533 3635 679 3718; x_wconf 84' lang='lat'><strong>1116,2.</strong></span> <span class='ocrx_word' id='word_1_250' title='bbox 703 3637 759 3704; x_wconf 84' lang='lat' dir='ltr'><strong>lux</strong></span> <span class='ocrx_word' id='word_1_251' title='bbox 781 3637 846 3702; x_wconf 91' lang='lat' dir='ltr'><strong>tuis</strong></span> <span class='ocrx_word' id='word_1_252' title='bbox 867 3637 966 3702; x_wconf 86' lang='lat' dir='ltr'><strong>sacris</strong></span> <span class='ocrx_word' id='word_1_253' title='bbox 988 3633 1186 3701; x_wconf 88' lang='lat' dir='ltr'><strong>celebranda.</strong></span> <span class='ocrx_word' id='word_1_254' title='bbox 1209 3633 1259 3698; x_wconf 83' lang='lat' dir='ltr'><strong>IV</strong></span> <span class='ocrx_word' id='word_1_255' title='bbox 1281 3635 1331 3713; x_wconf 90' lang='grc'><strong>22,</strong></span> <span class='ocrx_word' id='word_1_256' title='bbox 1354 3636 1382 3698; x_wconf 95' lang='grc'><strong>1.</strong></span> <span class='ocrx_word' id='word_1_257' title='bbox 1405 3633 1476 3718; x_wconf 87' lang='lat' dir='ltr'><strong>pla-</strong></span> 
     </span>
     <span class='ocr_line' id='line_1_34' title="bbox 412 3717 1475 3808; baseline -0.003 -23"><span class='ocrx_word' id='word_1_258' title='bbox 412 3719 515 3786; x_wconf 87' lang='lat' dir='ltr'><strong>cenda</strong></span> <span class='ocrx_word' id='word_1_259' title='bbox 536 3721 653 3787; x_wconf 85' lang='lat' dir='ltr'><strong>marito</strong></span> <span class='ocrx_word' id='word_1_260' title='bbox 669 3723 849 3808; x_wconf 81' lang='lat' dir='ltr'><strong>Cleopatra.</strong></span> <span class='ocrx_word' id='word_1_261' title='bbox 874 3721 923 3786; x_wconf 89' lang='lat' dir='ltr'><strong>IV</strong></span> <span class='ocrx_word' id='word_1_262' title='bbox 940 3723 992 3799; x_wconf 83' lang='lat'><strong>86,</strong></span> <span class='ocrx_word' id='word_1_263' title='bbox 1016 3722 1065 3784; x_wconf 92' lang='lat' dir='ltr'><strong>ll.</strong></span> <span class='ocrx_word' id='word_1_264' title='bbox 1089 3721 1197 3785; x_wconf 85' lang='lat' dir='ltr'><strong>libelle</strong></span> <span class='ocrx_word' id='word_1_265' title='bbox 1219 3717 1327 3804; x_wconf 86' lang='lat' dir='ltr'><strong>pueris</strong></span> <span class='ocrx_word' id='word_1_266' title='bbox 1348 3718 1475 3783; x_wconf 88' lang='lat' dir='ltr'><strong>arande.</strong></span> 
     </span>
     <span class='ocr_line' id='line_1_35' title="bbox 411 3803 1474 3892; baseline -0.004 -20"><span class='ocrx_word' id='word_1_267' title='bbox 411 3803 440 3872; x_wconf 90' lang='lat' dir='ltr'>V</span> <span class='ocrx_word' id='word_1_268' title='bbox 457 3808 507 3886; x_wconf 82' lang='lat'><strong>30,</strong></span> <span class='ocrx_word' id='word_1_269' title='bbox 525 3807 554 3872; x_wconf 89' lang='grc'><strong>5.</strong></span> <span class='ocrx_word' id='word_1_270' title='bbox 571 3805 1337 3892; x_wconf 73' lang='grc'><strong>11111111111111111111111111111111111111.</strong></span> <span class='ocrx_word' id='word_1_271' title='bbox 1353 3805 1369 3869; x_wconf 95' lang='grc' dir='ltr'>Ι</span> <span class='ocrx_word' id='word_1_272' title='bbox 1384 3805 1474 3881; x_wconf 91' lang='grc'><strong>41,1.</strong></span> 
     </span>
    </p>
   </div>
   <div class='ocr_carea' id='block_1_4' title="bbox 411 3889 1474 3978">
    <p class='ocr_par' dir='ltr' id='par_1_4' title="bbox 411 3889 1474 3978">
     <span class='ocr_line' id='line_1_36' title="bbox 411 3889 1474 3978; baseline -0.005 -22"><span class='ocrx_word' id='word_1_273' title='bbox 411 3891 460 3956; x_wconf 81' lang='lat' dir='ltr'><strong>vir</strong></span> <span class='ocrx_word' id='word_1_274' title='bbox 482 3891 653 3961; x_wconf 78' lang='lat' dir='ltr'><strong>Celtiberis</strong></span> <span class='ocrx_word' id='word_1_275' title='bbox 675 3915 739 3958; x_wconf 88' lang='lat' dir='ltr'><strong>non</strong></span> <span class='ocrx_word' id='word_1_276' title='bbox 761 3893 894 3958; x_wconf 88' lang='lat' dir='ltr'><strong>tacende</strong></span> <span class='ocrx_word' id='word_1_277' title='bbox 915 3892 1076 3978; x_wconf 87' lang='lat' dir='ltr'><strong>gentibus.</strong></span> <span class='ocrx_word' id='word_1_278' title='bbox 1101 3891 1167 3955; x_wconf 86' lang='lat' dir='ltr'><strong>Vll</strong></span> <span class='ocrx_word' id='word_1_279' title='bbox 1189 3893 1239 3969; x_wconf 83' lang='grc'><strong>45,</strong></span> <span class='ocrx_word' id='word_1_280' title='bbox 1262 3892 1291 3955; x_wconf 89' lang='grc'><strong>6.</strong></span> <span class='ocrx_word' id='word_1_281' title='bbox 1327 3889 1354 3956; x_wconf 92' lang='grc' dir='ltr'><strong>Ο</strong></span> <span class='ocrx_word' id='word_1_282' title='bbox 1376 3889 1474 3954; x_wconf 87' lang='lat' dir='ltr'><strong>nullis</strong></span> 
     </span>
    </p>
   </div>
   <div class='ocr_carea' id='block_1_5' title="bbox 410 3973 1474 4488">
    <p class='ocr_par' dir='ltr' id='par_1_5' title="bbox 410 3973 1474 4488">
     <span class='ocr_line' id='line_1_37' title="bbox 412 3973 1474 4076; baseline -0.004 -34"><span class='ocrx_word' id='word_1_283' title='bbox 412 3975 509 4042; x_wconf 85' lang='lat' dir='ltr'><strong>Ovidi</strong></span> <span class='ocrx_word' id='word_1_284' title='bbox 537 3979 599 4043; x_wconf 83' lang='lat' dir='ltr'><strong>tao.</strong></span> <span class='ocrx_word' id='word_1_285' title='bbox 622 3977 752 4076; x_wconf 84' lang='lat' dir='ltr'><strong>linguis.</strong></span> <span class='ocrx_word' id='word_1_286' title='bbox 786 3977 834 4044; x_wconf 87' lang='lat' dir='ltr'><strong>IX</strong></span> <span class='ocrx_word' id='word_1_287' title='bbox 856 3979 906 4055; x_wconf 89' lang='grc'><strong>45,</strong></span> <span class='ocrx_word' id='word_1_288' title='bbox 930 3981 959 4056; x_wconf 85' lang='grc'><strong>3,</strong></span> <span class='ocrx_word' id='word_1_289' title='bbox 983 3979 1012 4042; x_wconf 92' lang='grc'><strong>4.</strong></span> <span class='ocrx_word' id='word_1_290' title='bbox 1050 3999 1144 4062; x_wconf 90' lang='lat' dir='ltr'><strong>rupes</strong></span> <span class='ocrx_word' id='word_1_291' title='bbox 1167 3979 1200 4040; x_wconf 89' lang='lat' dir='ltr'><strong>et</strong></span> <span class='ocrx_word' id='word_1_292' title='bbox 1220 3976 1331 4073; x_wconf 82' lang='lat' dir='ltr'><strong>fabula</strong></span> <span class='ocrx_word' id='word_1_293' title='bbox 1354 3973 1474 4039; x_wconf 91' lang='lat' dir='ltr'><strong>montis</strong></span> 
     </span>
     <span class='ocr_line' id='line_1_38' title="bbox 411 4060 1474 4212; baseline -0.002 -86"><span class='ocrx_word' id='word_1_294' title='bbox 411 4068 486 4161; x_wconf 83' lang='lat' dir='ltr'><strong>sunt</strong></span> <span class='ocrx_word' id='word_1_295' title='bbox 503 4063 609 4162; x_wconf 35' lang='lat' dir='ltr'><strong>&#39;oculis</strong></span> <span class='ocrx_word' id='word_1_296' title='bbox 635 4069 700 4164; x_wconf 78' lang='lat' dir='ltr'><strong>tuis</strong></span> <span class='ocrx_word' id='word_1_297' title='bbox 722 4061 876 4161; x_wconf 78' lang='lat' dir='ltr'><strong>adeunde.</strong></span> <span class='ocrx_word' id='word_1_298' title='bbox 900 4062 947 4128; x_wconf 91' lang='lat' dir='ltr'><strong>IX</strong></span> <span class='ocrx_word' id='word_1_299' title='bbox 970 4060 1078 4158; x_wconf 69' lang='grc'><strong>411</strong></span> <span class='ocrx_word' id='word_1_300' title='bbox 1110 4062 1222 4212; x_wconf 39' lang='lat' dir='ltr'><strong>(tolga).</strong></span> <span class='ocrx_word' id='word_1_301' title='bbox 1252 4083 1305 4125; x_wconf 81' lang='lat' dir='ltr'><strong>mx</strong></span> <span class='ocrx_word' id='word_1_302' title='bbox 1338 4060 1474 4125; x_wconf 89' lang='lat' dir='ltr'><strong>tremulo</strong></span> 
     </span>
     <span class='ocr_line' id='line_1_39' title="bbox 411 4145 1474 4249; baseline -0.005 -35"><span class='ocrx_word' id='word_1_303' title='bbox 411 4149 596 4249; x_wconf 80' lang='lat' dir='ltr'><strong>accipienda</strong></span> <span class='ocrx_word' id='word_1_304' title='bbox 630 4149 753 4214; x_wconf 86' lang='lat' dir='ltr'><strong>tribub.</strong></span> <span class='ocrx_word' id='word_1_305' title='bbox 790 4147 838 4214; x_wconf 91' lang='lat' dir='ltr'><strong>IX</strong></span> <span class='ocrx_word' id='word_1_306' title='bbox 860 4149 910 4228; x_wconf 83' lang='lat'><strong>65,</strong></span> <span class='ocrx_word' id='word_1_307' title='bbox 934 4149 962 4212; x_wconf 95' lang='grc'><strong>1.</strong></span> <span class='ocrx_word' id='word_1_308' title='bbox 982 4233 989 4246; x_wconf 33' lang='lat'>⁸</span> <span class='ocrx_word' id='word_1_309' title='bbox 1006 4145 1130 4244; x_wconf 40' lang='lat' dir='ltr'><strong>illerde·</strong></span> <span class='ocrx_word' id='word_1_310' title='bbox 1179 4151 1244 4211; x_wconf 90' lang='lat' dir='ltr'><strong>at1o</strong></span> <span class='ocrx_word' id='word_1_311' title='bbox 1342 4145 1474 4244; x_wconf 75' lang='lat' dir='ltr'><strong>oscende</strong></span> 
     </span>
     <span class='ocr_line' id='line_1_40' title="bbox 410 4231 1474 4415; baseline -0.004 -29"><span class='ocrx_word' id='word_1_312' title='bbox 410 4233 907 4406; x_wconf 64' lang='lat' dir='ltr'><strong>itttltrdliibttttt</strong></span> <span class='ocrx_word' id='word_1_313' title='bbox 927 4231 1474 4415; x_wconf 61' lang='lat' dir='ltr'><strong>lurnesianus</strong></span> 
     </span>
     <span class='ocr_line' id='line_1_41' title="bbox 410 4401 1321 4488; baseline -0.01 -15"><span class='ocrx_word' id='word_1_314' title='bbox 410 4407 615 4473; x_wconf 84' lang='lat' dir='ltr'><strong>memorande</strong></span> <span class='ocrx_word' id='word_1_315' title='bbox 637 4407 723 4474; x_wconf 84' lang='lat' dir='ltr'><strong>viria.</strong></span> <span class='ocrx_word' id='word_1_316' title='bbox 745 4405 793 4474; x_wconf 90' lang='lat' dir='ltr'><strong>XI</strong></span> <span class='ocrx_word' id='word_1_317' title='bbox 807 4409 859 4488; x_wconf 91' lang='grc'><strong>22,</strong></span> <span class='ocrx_word' id='word_1_318' title='bbox 883 4409 913 4476; x_wconf 88' lang='grc'><strong>7.</strong></span> <span class='ocrx_word' id='word_1_319' title='bbox 934 4405 1080 4474; x_wconf 87' lang='lat' dir='ltr'><strong>miranda</strong></span> <span class='ocrx_word' id='word_1_320' title='bbox 1094 4404 1190 4470; x_wconf 82' lang='lat' dir='ltr'><strong>matri</strong></span> <span class='ocrx_word' id='word_1_321' title='bbox 1210 4401 1321 4468; x_wconf 88' lang='lat' dir='ltr'><strong>barba.</strong></span> 
     </span>
    </p>
   </div>
   <div class='ocr_carea' id='block_1_6' title="bbox 410 4585 610 4594">
    <p class='ocr_par' dir='ltr' id='par_1_6' title="bbox 410 4585 610 4594">
     <span class='ocr_line' id='line_1_42' title="bbox 410 4585 610 4594; baseline 0 -3"><span class='ocrx_word' id='word_1_322' title='bbox 410 4585 584 4592; x_wconf 61' lang='lat'><em>-&gt;—-.—..0</em></span> <span class='ocrx_word' id='word_1_323' title='bbox 601 4586 610 4594; x_wconf 76' lang='grc'><strong>.</strong></span> 
     </span>
    </p>
   </div>
   <div class='ocr_carea' id='block_1_7' title="bbox 487 4678 887 4749">
    <p class='ocr_par' dir='ltr' id='par_1_7' title="bbox 487 4678 887 4749">
     <span class='ocr_line' id='line_1_43' title="bbox 487 4678 887 4749; baseline -0.01 -10"><span class='ocrx_word' id='word_1_324' title='bbox 487 4679 506 4749; x_wconf 87' lang='lat'><strong>¹)</strong></span> <span class='ocrx_word' id='word_1_325' title='bbox 523 4678 566 4734; x_wconf 84' lang='lat' dir='ltr'><strong>Fr.</strong></span> <span class='ocrx_word' id='word_1_326' title='bbox 582 4679 673 4738; x_wconf 80' lang='lat' dir='ltr'><strong>Haase</strong></span> <span class='ocrx_word' id='word_1_327' title='bbox 690 4681 720 4738; x_wconf 89' lang='lat' dir='ltr'><strong>in</strong></span> <span class='ocrx_word' id='word_1_328' title='bbox 738 4681 822 4738; x_wconf 83' lang='lat' dir='ltr'><strong>schol.</strong></span> <span class='ocrx_word' id='word_1_329' title='bbox 838 4678 887 4738; x_wconf 85' lang='lat' dir='ltr'><strong>lat.</strong></span> 
     </span>
    </p>
   </div>
   <div class='ocr_carea' id='block_1_8' title="bbox 0 0 1930 5517">
    <p class='ocr_par' dir='ltr' id='par_1_8' title="bbox 0 0 1930 5517">
     <span class='ocr_line' id='line_1_44' title="bbox 0 0 1930 5517; baseline 0 1"><span class='ocrx_word' id='word_1_330' title='bbox 0 0 1930 5517; x_wconf 95' lang='lat' dir='ltr'><strong> </strong></span> 
     </span>
    </p>
   </div>
  </div>
 </body>
</html>
