3850 5517
955 554 1007 622 42.

873 641 1076 656 uae—-n

438 739 567 814 institor
582 740 702 809 ,urbem
723 780 760 787 -
785 740 910 810 iussisti
937 743 1061 810 tenues.
1075 739 1266 808 Germanice
1290 760 1433 817 creseere
1458 738 1508 804 vi-

438 849 519 892 cos«
544 826 626 892 'Hie
655 828 740 894 euim
773 827 853 912 perf.
882 827 1126 912 quereremur
1155 827 1237 924 plsq,
1265 825 1412 892 additum
1438 829 1507 890 este

438 933 553 996 nempe
575 934 675 998 usque
698 917 732 980 at
753 919 880 999 tempus
901 933 968 997 ¹qim
990 916 1026 979 tu
1047 912 1170 978 iussisti
1198 913 1387 988 abstulerat,
1413 909 1511 976 desiit

439 1019 514 1062 vcro
535 997 660 1064 auferre
674 999 770 1064 simul
792 1021 829 1064 ec
843 999 953 1065 iubere
969 998 1112 1082 coepisti.
1156 997 1203 1064 At
1222 1020 1290 1064 uon
1311 996 1510 1081 ubiquetam

437 1082 531 1149 facile
551 1105 592 1148 ax
614 1084 704 1150 verbi
725 1084 826 1170 ipsius
847 1085 979 1150 notione
1005 1105 1043 1148 ac
1064 1089 1181 1150 satura
1209 1083 1321 1167 plusq.¹
1342 1081 1510 1178 usmpctio

321 1237 329 1250 ,
440 1167 561 1252 poterit
581 1171 709 1253 exponi,
732 1171 788 1236 sed
810 1193 849 1234 ex
871 1171 972 1236 totius
993 1170 1056 1238 loci
1070 1169 1178 1234 indole
1200 1173 1298 1253 atquc
1311 1189 1406 1237 sensu
1427 1176 1509 1233 acri-¹

439 1257 488 1319 ter
517 1259 727 1352 accurateque
749 1255 984 1340 perpendendo.
1028 1254 1119 1339 Opus
1149 1254 1251 1339 igitur
1272 1254 1334 1318 crit
1369 1253 1509 1320 locoscx

438 1337 533 1418 Mart.
556 1339 648 1408 libris
669 1342 881 1427 investigatos
902 1341 960 1425 qui
990 1340 1145 1424 ejusmodi
1167 1361 1234 1406 cese
1256 1338 1339 1406 mihi
1359 1337 1509 1404 videntur

439 1423 492 1500 hic
513 1444 683 1508 apponere,
712 1426 797 1510 quod
826 1427 874 1492 ite
900 1431 1010 1494 tamen
1032 1426 1148 1493 faciam
1170 1429 1207 1488 ut
1227 1447 1246 1488 s
1268 1424 1384 1492 ceteris
1402 1422 1511 1488 verbis

438 1509 501 1660 lfrpc
526 1511 620 1579 modo
645 1511 800 1578 adhibitis
830 1512 997 1596 seiungam
1024 1511 1128 1596 plsq.¹⁸
1155 1510 1339 1587 ›feceram‚-
1357 1509 1509 1588 dixeram,

478 1617 595 1660 aram«

504 1679 550 1744 of.
574 1681 659 1758 119,
683 1683 712 1746 2.
736 1679 869 1766 Scripsi,
897 1681 1062 1764 rescripsit
1088 1681 1136 1750 uil
1157 1677 1295 1756 Naevia,
1326 1700 1391 1742 nou
1419 1677 1511 1744 dabit

441 1786 526 1852 ergo.
560 1766 623 1837 Sed
641 1771 720 1850 puto
743 1767 827 1850 quod
849 1766 962 1852 scripsi
984 1767 1118 1852 legerat,
1138 1785 1217 1916 erpo
1237 1763 1338 1834 dabit.
1360 1761 1413 1828 ΠΙ
1435 1765 1466 1842 4,
1480 1764 1511 1828 8.

442 1847 595 1926 »Quando
618 1853 729 1918 veuit?
752 1854 851 1918 dicet:
874 1855 910 1919 tu
932 1872 983 1920 res
1007 1851 1140 1917 ondcto:
1201 1852 1275 1914 ceta
1296 1848 1434 1916 exierat:
1456 1869 1512 1912 ve-

440 1935 513 2007 niet¹
530 1959 603 2005 cam
624 1938 828 2006 citharoedus
855 1937 966 2006 eritl
1020 1939 1073 2015 44,
1097 1937 1125 2000 1.
1170 1933 1232 2000 Hic
1261 1937 1311 1998 est
1332 1933 1513 2019 pampineis

440 2021 552 2089 viridis
578 2023 672 2088 modo
696 2023 834 2090 Vesvius
853 2023 992 2090 umbris:
1022 2025 1183 2106 presserat
1213 2020 1266 2084 hie
1286 2016 1433 2084 madidos
1452 2041 1511 2084 uo-
1629 2026 1636 2034 '

440 2106 518 2173 bilis
538 2131 602 2172 uva
622 2109 721 2188 lacus,
742 2110 790 2174 Vl
815 2112 864 2186 10,
885 2111 915 2174 6.
961 2108 1065 2183 Quam
1087 2103 1214 2190 placido
1236 2107 1364 2170 nostrae
1387 2105 1511 2190 legerat

442 2213 498 2264 ore
543 2215 638 2259 rcees.
669 2193 717 2258 IX
740 2197 789 2260 20.
841 2194 930 2262 Haec
958 2192 1096 2258 infantie
1122 2190 1246 2256 domiui
1271 2190 1400 2254 conscie
1425 2195 1513 2256 terra

440 2277 512 2355 suis,
551 2279 557 2290 '
589 2283 723 2347 steterat
734 2279 917 2346 veneranda
926 2281 1048 2344 domus.
1061 2275 1207 2342 V11155.
1228 2274 1323 2340 Unde
1333 2275 1400 2339 tuis
1411 2275 1512 2359 Libye

442 2367 512 2430 tara
540 2363 618 2430 felix
642 2365 748 2450 gloria
769 2365 880 2432 silvis?
916 2367 942 2432 A
970 2364 1104 2449 Cybeles
1124 2360 1283 2444 numquid
1304 2364 1436 2427 venerat
1456 2360 1511 2424 illc

442 2448 538 2534 iugo?
560 2449 608 2516 IX
623 2453 673 2517 45.
694 2451 786 2516 Miles
807 2451 902 2518 modo
924 2451 1029 2516 Getici
1043 2449 1171 2514 tuleras
1192 2445 1296 2512 sidere
1316 2447 1412 2532 pigra
1433 2445 1509 2530 poli,

443 2555 514 2603 eece
537 2534 723 2603 Promethei
745 2559 842 2621 rupes
861 2541 897 2602 ct
923 2536 1034 2602 fabula
1055 2533 1177 2598 montis
1198 2553 1296 2614 quam
1318 2553 1375 2615 pro
1399 2554 1416 2597 c
1437 2534 1513 2596 svmt

444 2619 544 2684 oculis
558 2643 644 2686 nunc
659 2621 807 2694 adeunda
827 2623 901 2686 tuis.
917 2621 985 2688 XII
1000 2623 1050 2698 18,
1067 2620 1117 2682 15.
1153 2617 1197 2684 Et
1212 2621 1317 2682 totum
1332 2555 1413 2684 mili
1426 2638 1513 2682 nunc

442 2726 561 2788 repono
576 2706 732 2790 quidquid
747 2712 797 2774 ter
813 2707 910 2772 denos
925 2706 1136 2790 vigilaveram
1151 2725 1207 2786 per
1221 2724 1332 2769 annos·
1360 2702 1423 2785 Apa
1440 2703 1511 2766 139.

443 2789 587 2876 langere
608 2793 739 2860 nescisti
759 2794 852 2858 nobis
874 2815 892 2854 o
914 2791 1014 2856 stulte
1035 2791 1189 2855 lacernas.
1234 2786 1390 2853 Indueras
1411 2786 1512 2864 albus,

445 2895 524 2947 exue
540 2877 704 2944 callisinus.
721 2878 778 2942 IX.
791 2881 841 2944 50.
865 2878 1013 2942 Duxerat
1025 2875 1170 2941 esuriens
1184 2873 1377 2957 locupletem
1391 2891 1513 2954 pauper

444 2956 1514 3132 tttlttstitPttittlttltitttttttltt‘llt

444 3152 513 3196 cere
535 3155 621 3198 suae.
664 3133 751 3201 Dum
773 3134 856 3200 ludit
877 3133 1010 3216 delapsa
1030 3136 1080 3197 est
1105 3131 1219 3197 misero
1247 3129 1348 3194 fibula
1379 3148 1514 3212 »verpus

444 3221 542 3280 erat«

508 3303 583 3369 Jam
606 3304 646 3371 ad
667 3305 910 3390 interpretanda
932 3305 1079 3388 exempla
1099 3303 1208 3387 aliqua
1229 3298 1417 3373 accedimus,
1439 3318 1513 3362 uam

447 3387 618 3462 dummodo
639 3413 740 3462 unum
762 3393 814 3456 vel
841 3391 904 3456 duo
926 3394 1012 3456 recte
1034 3389 1195 3474 explicare
1216 3385 1310 3451 nobis
1331 3381 1514 3467 eontigerit,

445 3477 532 3543 certo
562 3495 627 3540 nou
654 3497 734 3560 opus
761 3477 823 3540 erit
844 3476 952 3542 omnia
982 3473 1176 3560 perscrutari
1196 3471 1317 3556 quippe
1338 3467 1515 3564 inquibus

446 3559 557 3629 eedem
580 3561 709 3644 quidem
730 3563 892 3628 osmundi
905 3562 990 3628 ratio
1006 3561 1068 3625 erit
1082 3556 1273 3626 adhibendo.
1311 3555 1360 3621 Ae
1375 3573 1516 3650 primum

395 3678 401 3686 ·
446 3644 574 3728 quidem
589 3647 674 3729 quod
690 3647 844 3732 adscripsi
859 3649 919 3714 hoe
934 3651 984 3714 est
998 3645 1047 3730 (II
1061 3648 1091 3724 9,
1108 3645 1152 3727 2.)
1191 3640 1338 3725 iscripsi,
1350 3640 1516 3721 rescripsit

332 3741 338 3756 ¹
445 3728 493 3793 nil
507 3729 640 3810 Naevia,
654 3755 726 3800 >non
743 3733 836 3798 debit
851 3755 936 3819 erge.
982 3732 1044 3798 sed
1059 3732 1139 3815 puro
1152 3727 1240 3812 quod
1252 3724 1366 3810 scripsi
1380 3724 1514 3808 legente

446 3808 1516 3988 {ttltltsltt{tetlltttttttttffltttltl

446 3984 548 4070 igitur
562 3987 648 4070 quod
662 3989 704 4054 sit
719 3990 891 4056 discrimen
905 3955 991 4054 inler
1006 3991 1177 4070 utramque
1190 3983 1340 4067 loquendi
1356 3979 1515 4047 rationem

447 4071 533 4154 quod
561 4094 600 4136 ex
625 4079 744 4145 nature
770 4077 925 4160 temporis
956 4073 1124 4156 utriusque
1153 4069 1272 4136 evadat
1298 4088 1426 4133 necesse
1456 4065 1514 4128 est.

447 4154 532 4228 Nem
559 4159 586 4225 ei
612 4161 696 4226 dico:
728 4159 841 4237 »Quod
861 4161 975 4245 scripsi
996 4158 1086 4243 legit,
1111 4177 1186 4241 ergo
1208 4154 1317 4220 dabit«
1342 4151 1445 4216 refero
1468 4149 1514 4246 Ιο-1

447 4243 546 4338 gendi
572 4247 731 4313 sationem
759 4247 800 4312 ad
828 4247 934 4330 ipsum
959 4243 1114 4328 temporis
1143 4243 1343 4306 momentum
1363 4234 1517 4321 loquendi

447 4349 467 4395 1·
484 4349 510 4392 e.
522 4350 622 4414 usque
637 4329 678 4399 cd
692 4332 752 4398 hoc
768 4331 922 4416 temporis
937 4331 1146 4415 quo'loquor‚
1169 4327 1199 4391 lc
1225 4326 1260 4405 't,
1281 4325 1310 4388 si
1331 4344 1408 4388 vero
1427 4321 1515 4387 dico:

451 4413 623 4502 »legeret«,
638 4435 705 4483 uon
719 4419 760 4482 ad
774 4439 924 4502 praeseus
940 4422 1068 4500 tempas
1083 4413 1185 4480 refero
1200 4347 1234 4475 ll
1274 4409 1334 4476 ndi·
1344 4407 1515 4506 actionem.

449 4499 505 4572 sed
525 4501 565 4584 ed
587 4503 812 4584 praeteritum,
840 4502 882 4566 ad
906 4502 1068 4568 actionem
1090 4499 1231 4584 aliquem
1252 4517 1334 4582 quae
1355 4515 1391 4557 ιιι
1410 4490 1517 4556 medio

448 4585 510 4650 site
543 4589 591 4652 est
621 4587 706 4652 inter
735 4609 885 4672 praeseus
911 4593 1039 4672 tempus
1061 4583 1213 4670 loquendi
1233 4586 1268 4648 et
1287 4580 1448 4651 actionem
1468 4576 1517 4643 le-

448 4669 556 4754 gendi.
591 4671 694 4748 Quam
709 4673 787 4740 satis
803 4673 894 4740 credo
909 4673 1067 4738 iudicavit
1080 4673 1177 4757 poeta
1191 4668 1310 4736 verbis:
1336 4660 1517 4745 »rescripsit
