3850 5517
796 1422 1164 1556 Prooemium

929 1627 1034 1643 m

530 1723 669 1810 Operam
690 1727 807 1794 novavi
822 1728 970 1812 scriptori
986 1728 1042 1812 qui
1057 1747 1160 1810 neque
1180 1727 1215 1790 in
1236 1727 1353 1795 scholis
1373 1733 1443 1820 legi„
1459 1757 1510 1801 so-

445 1843 491 1906 let
504 1865 639 1929 nequea
655 1845 725 1912 VV.
748 1847 821 1914 DD.
844 1850 917 1932 post
932 1845 1352 1930 Schneidewinum—qucd
1364 1853 1510 1936 equidem

451 1962 546 2026 sciam
571 1969 683 2030 -est
714 1968 880 2030 tractatus.
935 1963 1050 2048 ltaque
1077 1986 1142 2028 non
1175 1964 1315 2030 alienum
1344 1991 1418 2034 are
1443 1995 1510 2037 esse

448 2081 582 2148 arbitror
603 2107 732 2150 narrare
755 2107 819 2170 qua
849 2084 902 2149 via
924 2081 964 2146 ad
985 2082 1075 2165 huno,
1093 2084 1295 2167 potissimum
1316 2087 1376 2151 sim
1398 2089 1511 2156 ductus

443 2206 570 2286 poetam
592 2205 755 2270 difficilem
768 2201 919 2288 'profecto
940 2204 975 2264 et
988 2202 1126 2285 ‘plenum
1147 2223 1254 2267 rerum
1274 2206 1510 2274 reconditarum

386 2297 390 2304 ⁴
442 2321 721 2408 obsecratumque.
780 2321 871 2400 Quod
903 2343 940 2386 eo
963 2320 1118 2386 libentius
1148 2345 1199 2386 me
1221 2314 1325 2388 iacere
1356 2327 1509 2409 profiteor

441 2439 529 2520 quod
557 2461 594 2503 eo
621 2443 781 2508 exsolvam
802 2440 947 2506 debitum
975 2438 1135 2524 quoddam
1160 2442 1335 2508 maximum
1361 2445 1510 2510 manibus

442 2555 506 2619 uiri
517 2561 780 2642 praestantissimi
795 2559 947 2626 Friderici
967 2557 1164 2625 Schmiederi
1178 2561 1312 2625 rectoris
1326 2559 1403 2626 olim
1414 2585 1507 2648 gym-

444 2674 525 2739 nasii
552 2676 685 2744 illustris
711 2680 890 2766 Bregensis.
935 2678 1131 2744 lncmiosius
1158 2679 1243 2743 enim
1265 2701 1362 2764 quam
1384 2681 1506 2746 studie-

440 2794 505 2860 sius
519 2802 723 2881 perscrutans
737 2799 968 2864 bibliothecam
982 2798 1105 2883 regiam
1119 2797 1206 2863 illius
1221 2800 1381 2884 gymnasii
1406 2801 1505 2865 incidi

438 2913 473 2978 in
494 2919 740 2984 commentarios
762 2919 803 2984 ad
832 2918 876 2983 M.
899 2917 1067 2984 Valerium
1088 2916 1272 2982 Martialem
1299 2941 1379 3002 ques
1416 2920 1504 2984 locu-

437 3033 632 3118 pletissimos
654 3037 781 3122 scripsit
792 3037 844 3102 Fr.
867 3036 1089 3102 Sehmiederus
1111 3037 1305 3122 reliquitque
1326 3039 1508 3122 posteritati

439 3155 566 3237 gratum
602 3156 657 3221 sed
686 3156 781 3221 nimis
817 3157 1001 3242 neglectum
1035 3179 1160 3222 munus.
1214 3155 1300 3221 Nam
1336 3160 1506 3242 postquam

442 3268 701 3342 Schneidewinus
716 3276 871 3360 promisso
894 3299 950 3341 suo
966 3298 1032 3340 non
1046 3275 1210 3354 satisfecit,
1232 3275 1288 3358 qui
1301 3275 1336 3340 in
1357 3276 1506 3343 editionis

441 3411 514 3454 suae
537 3391 651 3476 prioris
673 3393 833 3461 Martialis
866 3397 1065 3481 praefatione
1086 3418 1140 3481 pp.
1162 3393 1220 3458 XI.
1243 3392 1318 3458 XII.
1342 3393 1505 3478 pollicitus

438 3515 515 3588 erat,
538 3533 570 3575 se
591 3511 709 3578 additis
736 3537 818 3598 quae
840 3516 984 3581 addenda
1006 3514 1143 3600 demptis
1174 3535 1256 3598 quae
1277 3513 1432 3578 demenda
1453 3537 1503 3578 re·

435 3626 520 3692 fictis
541 3628 675 3722 denique
697 3655 778 3718 quae
800 3636 987 3721 refingenda
1007 3635 1076 3700 visa
1101 3632 1222 3697 fuerint
1244 3632 1503 3698 Schmiederiana

433 3745 468 3810 in
490 3747 656 3830 publicum
678 3751 847 3834 editurum,
879 3776 974 3820 nemo
1004 3753 1142 3838 amplius
1169 3753 1207 3817 de
1233 3753 1272 3818 iis
1299 3751 1424 3817 curavit
1448 3754 1503 3818 sed

295 3861 300 3868 ’
434 3864 621 3932 abscondita
642 3870 783 3956 adeoque
803 3875 927 3938 intacta
948 3877 1135 3937 manserunt
1162 3876 1199 3935 ut
1219 3871 1371 3936 memoria
1393 3893 1501 3937 eorum

434 3983 499 4048 fere
522 3987 707 4054 aboleverit.
750 3991 871 4057 Tamen
899 3994 1057 4076 quantum
1087 3992 1184 4077 pretii
1204 3991 1244 4055 iis
1265 3992 1501 4056 commentariis

434 4102 476 4166 sit
497 4105 700 4174 tribuendem
720 4130 785 4173 non
806 4129 857 4174 me
879 4110 948 4194 ipse
970 4109 1086 4175 faciam
1112 4113 1228 4175 testem
1249 4111 1304 4174 sed
1326 4109 1499 4175 Schneide-

434 4221 552 4288 winum
582 4226 752 4310 advocab0‚
779 4228 884 4293 uirum
906 4251 979 4314 eum
1013 4228 1085 4295 aliis
1112 4228 1262 4313 operibus
1291 4228 1499 4294 excellentem

435 4325 504 4405 tum
540 4343 625 4410 inter
657 4345 817 4412 Martialis
852 4347 989 4414 editores
1022 4369 1181 4414 summum
1210 4347 1265 4433 qui
1304 4346 1500 4414 Sehmiederi

433 4464 676 4531 commentarios
697 4467 799 4532 bonae
820 4465 908 4553 frugi
929 4465 1131 4552 plenissimos
1152 4468 1360 4551 nuncuparit.
1402 4466 1498 4532 Prae-

430 4583 482 4646 ter
503 4580 564 4647 hoe
585 4583 690 4671 ipsum
712 4584 908 4654 Schmiederi
934 4606 1015 4670 opus
1036 4585 1175 4674 contigit
1195 4584 1276 4650 mihi
1303 4585 1421 4651 eximia
1441 4587 1497 4651 be·

428 4701 591 4788 nignitate
612 4705 870 4794 liberalitateque
886 4703 947 4769 viri
961 4705 1229 4791 praestantissimi
1249 4703 1394 4790 mihique
1414 4727 1497 4770 sem·
