3850 5517
816 1443 957 1559 Pars
991 1443 1034 1558 1.
1116 1525 1119 1535 ·

485 1648 560 1713 Jam
583 1646 624 1710 ab
648 1641 741 1708 initio
770 1665 869 1728 quum
897 1644 941 1708 ad
964 1643 1185 1728 quaestionem
1204 1641 1251 1706 ’de
1280 1640 1381 1706 dativi
1410 1662 1469 1706 usu

399 1734 485 1823 apud
507 1729 691 1798 Martialem
712 1729 905 1808 accederem,
928 1730 1074 1795 conscius
1094 1727 1176 1792 mihi
1198 1749 1294 1806 eram,
1316 1748 1381 1792 non
1402 1726 1470 1797 fore

399 1823 436 1886 ut
459 1819 497 1882 de
519 1817 625 1884 indole
647 1817 743 1900 atque
767 1819 884 1880 natura
905 1814 1002 1898 hujus
1022 1836 1115 1883 casus
1135 1813 1211 1879 novi
1233 1811 1357 1895 aliquid
1379 1811 1476 1877 inre«

400 1906 512 1981 ninom,
544 1902 599 1968 sed
626 1901 659 1963 id
687 1899 793 1984 potius
815 1899 975 1986 agendum
997 1898 1178 1966 existimavi
1206 1900 1244 1961 ut
1269 1919 1332 1980 quo
1354 1897 1389 1960 in
1410 1917 1470 1961 usu

401 1989 502 2068 dativi
525 1989 621 2074 poeta
647 1985 811 2070 frequens,
833 1985 867 2050 in
890 2007 952 2069 quo
978 2007 1070 2051 rarus
1092 1984 1203 2062 merit,
1225 1982 1354 2060 omuino
1375 2004 1471 2065 quem

405 2077 439 2139 in
458 2075 588 2138 modum
616 2093 689 2134 euru
719 2069 904 2136 adhibuerit
930 2091 1131 2154 exponerem,
1180 2068 1295 2151 ltaque
1317 2089 1381 2130 non
1402 2070 1471 2132 tam

406 2157 636 2245 cognoscendae
672 2177 709 2220 ex
743 2159 838 2239 poeta
866 2155 970 2220 dativi
995 2159 1140 2231 naturae,
1168 2175 1265 2237 quam
1291 2156 1404 2236 poetae
1431 2174 1472 2216 ex

406 2245 531 2330 cognita
553 2241 656 2308 dativi
676 2243 793 2306 natura
814 2241 979 2306 consulere
1001 2240 1096 2304 volui.
1141 2239 1203 2304 Sed
1224 2242 1292 2302 tam
1313 2241 1400 2301 arcte
1420 2258 1472 2307 ars

407 2329 615 2416 grammatica
638 2347 782 2392 connexa
811 2330 860 2390 est
887 2349 960 2390 curn
987 2326 1179 2409 scriptorum
1203 2322 1471 2406 interpretatione

404 2419 442 2478 ut
456 2415 484 2477 si
499 2413 555 2475 uni
569 2411 726 2495 profueris
740 2434 805 2476 non
820 2417 868 2474 est
882 2411 962 2494 quin
977 2411 1112 2477 alteram
1127 2408 1295 2493 adjuveris.
1328 2407 1472 2472 Primum

406 2500 492 2563 enim
519 2497 692 2580 quamsit,
722 2495 931 2580 scriptoribus
958 2497 1044 2560 inter
1070 2518 1102 2559 se
1129 2493 1322 2579 comparatis
1343 2515 1473 2558 normas

408 2587 441 2646 et
455 2581 543 2666 leges
557 2582 779 2668 grammaticas
794 2581 924 2668 linguae
939 2582 1072 2664 alicujus
1084 2581 1287 2658 constituere,
1299 2577 1472 2654 secundum

409 2669 457 2730 est
473 2687 619 2749 quaerere
635 2666 672 2730 de
688 2667 824 2752 singulis
840 2667 1030 2753 singulatim
1045 2665 1172 2751 qualem
1186 2666 1322 2749 quisque
1336 2664 1473 2747 scriptor

408 2752 442 2816 in
462 2751 638 2898 praeceptis
661 2755 693 2814 et
709 2751 834 2836 legibus
848 2753 980 2838 linguae
995 2749 1200 2816 observandis
1214 2773 1247 2816 se
1264 2749 1471 2835 praestiterit.

407 2837 491 2913 Quae
519 2836 646 2922 quiem
673 2838 817 2920 quaestio
847 2838 981 2904 obrussa
1015 2837 1106 2920 quasi
1134 2840 1182 2899 est
1210 2855 1426 2918 eorumquae
1454 2857 1474 2901 a

425 2921 621 2986 rammaticis
643 2923 879 2990 contenduntur
901 2945 1019 2988 verane
1039 2945 1082 2986 an
1102 2921 1183 2985 falso
1206 2922 1272 2986 sint
1292 2921 1470 2985 observata.

402 2945 469 3072 llbi
491 3007 576 3072 enim
599 3005 721 3090 aliquid
743 3031 853 3074 verum
885 3009 946 3074 erit
972 3013 1006 3072 et
1034 3012 1120 3070 reete
1141 3008 1359 3083 observatum,
1389 3023 1471 3088 quae

404 3091 434 3156 ei
455 3101 638 3178 repugnent
661 3115 726 3158 non
747 3093 962 3172 invenientur,
984 3092 1039 3157 ubi
1063 3096 1170 3157 autem
1192 3112 1339 3177 perverse
1360 3090 1473 3175 regule

407 3176 515 3260 aliqua
529 3179 739 3262 grammatica
752 3183 810 3241 aut
832 3179 977 3242 definitio
998 3177 1166 3256 eritdata,
1188 3177 1278 3242 verbi
1299 3197 1395 3241 causa
1416 3175 1473 3238 ubi

407 3283 495 3326 casus
526 3261 657 3346 alicujus
689 3263 831 3328 definitio
853 3265 936 3331 male
964 3264 1026 3328 erit
1051 3262 1209 3347 descripta
1236 3263 1270 3326 in
1292 3265 1360 3326 tam
1379 3261 1473 3344 largo

407 3347 508 3412 omnis
532 3347 695 3432 scriptoris
710 3349 928 3432 exemplorum
942 3369 1074 3414 numero
1089 3369 1215 3413 necesse
1236 3351 1286 3412 est
1306 3347 1371 3410 sint
1391 3365 1473 3411 non·

314 3475 319 3486 .
407 3431 499 3495 nulla
521 3455 602 3520 quae
632 3433 706 3501 huic
734 3431 912 3499 definitioni
938 3436 1128 3519 repugnent.
1179 3433 1336 3517 Opinione
1365 3431 1467 3516 igitur

407 3517 519 3582 ductus
545 3541 610 3587 111111
638 3513 753 3583 inutile
779 3520 855 3604 quid
890 3542 941 3587 me-
963 3542 1029 3584 esse
1052 3522 1198 3582 acturum
1220 3513 1370 3600 proposui
1390 3516 1473 3585 mihi

405 3602 556 3690 colligere
578 3607 610 3668 et
633 3626 830 3688 componere,
846 3605 1003 3690 quidquid
1019 3601 1178 3667 Martialis
1200 3602 1308 3667 dativo
1328 3620 1405 3666 usus
1426 3601 1470 3667 sit

406 3687 566 3764 Quoniam
580 3711 654 3752 vero
676 3693 712 3752 ut
734 3690 793 3754 hoc
815 3691 885 3754 fieri
900 3691 1002 3774 possit
1015 3709 1140 3753 necesse
1156 3692 1203 3752 est
1217 3687 1362 3772 profiteri
1374 3709 1472 3770 quam

410 3773 447 3838 de
461 3771 563 3837 dativi
585 3778 700 3838 natura
724 3777 918 3840 sententiam
940 3797 998 3860 pro
1021 3796 1096 3839 vera
1116 3773 1278 3858 cognitam
1300 3772 1360 3840 sim
1381 3793 1471 3839 seeu-

409 3863 461 3922 tus
494 3858 712 3924 definitionem
734 3859 828 3946 hujus
849 3883 939 3926 casus
953 3883 1024 3925 eam
1044 3859 1185 3942 accipere
1201 3880 1250 3922 me
1272 3857 1351 3937 dico,
1374 3880 1471 3940 quam

406 3944 514 4007 Haase
536 3944 615 4026 prof.
630 3944 677 4008 ill.
700 3945 734 4010 in
756 3945 873 4010 scholis
894 3945 932 4009 de
953 3945 975 4010 l.
990 3945 1012 4008 l.
1028 3943 1209 4030 praecipere
1231 3944 1320 4008 solet.
1363 3941 1471 4028 Signi-

408 4028 484 4092 ficat
513 4029 627 4093 tertius
654 4053 744 4098 casus
782 4032 996 4096 substantiam
1022 4051 1107 4108 eam,
1145 4029 1180 4094 in
1213 4051 1309 4113 quam
1339 4027 1472 4092 verbum

409 4133 502 4208 cursu
524 4136 580 4178 sno
603 4113 753 4216 dirigitur
762 4117 809 4182 ita
830 4123 953 4181 utnon
974 4117 1045 4202 ipsa
1060 4115 1194 4200 impleat
1210 4115 1367 4180 actionem
1381 4113 1473 4176 verbi

412 4218 431 4258 1.
445 4217 487 4344 efi
486 4200 553 4296 ejus
567 4200 783 4349 1311111111
798 4204 852 4268 sed
866 4205 904 4267 ut
918 4205 1010 4268 extra
1025 4223 1094 4267 eam
1111 4202 1154 4267 sit
1174 4201 1296 4288 positus
1317 4199 1472 4266 terminus

412 4301 448 4343 ac
490 4305 578 4348 nisa
612 4307 702 4352 roms.

498 4455 723 4568 conjungitur
747 4459 817 4540 dat.
846 4482 923 4559 cum
948 4457 1095 4559 simplici
1121 4459 1227 4538 verbo
1259 4399 1390 4554 berre.

472 4590 611 4658 Maxime
639 4593 729 4658 tertii
754 4615 844 4658 casus
871 4591 1078 4678 significatio,
1115 4616 1211 4678 quam
1243 4614 1310 4656 esse
1335 4592 1472 4658 diximus

405 4681 544 4762 apparet
566 4679 606 4746 iis
627 4678 661 4744 in
682 4679 896 4746 locutionibus
923 4677 979 4744 ubi
1001 4677 1135 4768 simplex
1157 4682 1289 4746 verbum
1311 4699 1377 4744 esse
1399 4683 1472 4750 cum

1304 4784 1320 4844 l
