3850 5517
944 577 986 642 54

863 667 1066 678 nnn-n—

429 769 482 848 eu,
504 767 623 832 fecerat
645 771 677 832 et
698 767 868 846 medicus«
891 788 942 832 res
963 765 1134 830 dissimiles
1156 764 1219 830 sibi
1241 766 1331 830 sunt:
1353 757 1494 829 medicus

430 857 462 916 et
484 853 622 936 vispillo,
646 855 687 931 ct,
724 851 900 917 similitudo
928 873 1010 936 quac
1036 851 1163 915 elicitur
1183 853 1233 915 est
1254 845 1338 935 qriod
1360 854 1495 934 uterque

428 938 513 1002 idem
534 932 613 1004 feeit
633 958 748 1022 nempe
769 937 914 1002 homines
945 939 1041 1002 necat
1061 936 1089 1000 si
1110 958 1187 1001 vere
1207 939 1256 1000 est
1276 934 1436 1020 Lessingii
1456 934 1495 998 de

398 1093 401 1106 ¹
429 1023 597 1107 vispillone
634 1023 834 1106 sententie‚¹)
871 1026 928 1086 eut
955 1022 1041 1106 quod
1067 1022 1119 1086 vel
1144 1021 1249 1106 magis
1274 1019 1356 1084 mihi
1388 1021 1496 1105 placet

428 1112 562 1193 uterque
595 1108 740 1174 homines
766 1107 870 1172 mittit
898 1108 957 1172 sub
990 1111 1118 1172 terrem.
1163 1106 1283 1171 Similis
1312 1104 1495 1192 argumenti

432 1197 480 1258 est
502 1193 599 1258 etiam
622 1193 722 1278 epigr.
744 1193 837 1258 XXX
860 1191 1002 1258 eiusdem
1023 1192 1113 1257 libri:
1240 1200 1242 1202 ’

559 1277 756 1363 »Chirurgus
777 1279 885 1344 fueret
904 1300 991 1342 nunc
1012 1282 1062 1344 est
1083 1276 1212 1362 vispillo
1234 1276 1370 1342 Diaulus

555 1364 661 1447 coepit
682 1385 746 1447 quo
767 1367 896 1448 poteret
916 1363 1050 1428 clinicus
1071 1385 1139 1428 esse
1159 1362 1284 1427 modos

513 1449 687 1514 Videamus
709 1449 809 1534 igitur
823 1470 905 1532 quac
927 1448 988 1513 hoc
1015 1449 1052 1513 in
1070 1448 1193 1534 epigr.¹⁰
1218 1448 1258 1512 de
1286 1466 1351 1530 quo
1371 1442 1497 1528 agimus

427 1534 492 1600 sint
506 1556 556 1599 res
578 1533 746 1599 dissimiles
769 1555 850 1618 quae
875 1535 1121 1618 componuntur:
1166 1533 1257 1610 Quod
1277 1531 1356 1595 item
1378 1529 1445 1592 fore
1460 1531 1497 1592 ut

367 1625 368 1629 ’
429 1617 582 1683 facillime
598 1621 754 1704 appareat
768 1641 956 1704 persuasum
971 1619 1053 1682 mihi
1067 1618 1181 1698 habeo,
1202 1639 1279 1682 nem
1293 1614 1379 1680 utin
1394 1635 1412 1678 c
1435 1613 1496 1700 igr.

428 1704 521 1769 modo
543 1705 675 1770 leudcto
697 1703 821 1768 dictum·
839 1705 930 1768 crete
946 1703 1278 1790 „sebinngusfneretr
1302 1699 1397 1767 sicin
1413 1636 1497 1764 boc:

427 1789 804 1940 diditirceiiibsfiireridt’b
815 1793 855 1938 [it
869 1787 906 1934 {n
928 1789 1000 1939 illlis
1016 1784 1498 1938 iiitdioiddtciiddittodisssiinin

429 1961 473 2024 les
495 1982 576 2044 quae
598 1959 651 2024 hic
675 1897 902 2043 comperiintur
923 1964 1001 2024 sunt
1028 1897 1135 2043 {istor
1160 1896 1204 2023 et
1215 1956 1401 2023 causidicus.
1448 1953 1499 2018 Ex

427 2045 478 2110 his
500 2045 601 2130 igitur
622 2045 659 2108 ut
681 2045 828 2108 elicietur
843 2044 1020 2109 similitudo
1041 2062 1169 2109 necesse
1190 2043 1249 2108 cst.
1292 2038 1356 2108 Sed
1368 2041 1403 2104 in
1418 2061 1498 2124 quo·

427 2149 488 2214 quc
510 2129 630 2214 epigr?
656 2133 728 2194 cum
751 2129 833 2193 duce
853 2129 919 2194 sint
940 2132 1057 2212 partes,
1085 2129 1187 2193 altera
1219 2149 1302 2212 qnae
1329 2130 1378 2192 est
1400 2146 1498 2209 expo·

425 2215 509 2293 sitio,
532 2215 687 2278 altere-
703 2218 741 2278 ut
762 2215 809 2278 ita
830 2215 935 2278 dicem
956 2214 1130 2292 conclusio,
1150 2213 1185 2278 iu
1205 2214 1324 2298 qualit
1342 2213 1441 2289 iocus,
1463 2211 1498 2274 in

427 2306 565 2382 utraque
602 2300 781 2366 membrum
797 2297 1006 2384 respondeat
1038 2290 1183 2364 membro
1213 2319 1340 2363 neccsse
1371 2300 1431 2377 est,
1463 2297 1499 2359 in

415 2385 542 2448 1ireutre
562 2384 606 2450 sit
628 2384 760 2468 aliquid,
783 2385 867 2470 quod
888 2407 954 2450 non
968 2388 1093 2469 spectet
1113 2384 1155 2448 ad
1169 2384 1314 2463 alteram,
1336 2403 1440 2467 neque
1462 2383 1496 2444 in

427 2469 628 2537 conclusione
649 2470 734 2553 quod
754 2492 821 2536 non
840 2474 995 2554 sequetur
1024 2492 1063 2535 ex
1084 2469 1295 2554 expositione,
1326 2488 1432 2554 neque
1461 2467 1496 2530 in

427 2577 466 2620 ex
527 2555 625 2621 ‘tione
647 2557 732 2638 quod
760 2556 844 2622 nihil
867 2557 982 2620 efferat
1000 2557 1042 2621 ad
1068 2555 1313 2620 conclusionem
1357 2551 1498 2618 Omnino

427 2641 461 2704 ni
486 2641 510 2703 il
543 2662 611 2706 esse
643 2639 739 2706 debet
765 2641 962 2726 supervacui,
995 2641 1081 2704 nihil
1116 2640 1201 2724 quod
1233 2640 1359 2704 demere
1385 2638 1497 2724 possis.

428 2725 519 2802 Quod
541 2748 607 2790 non
629 2725 699 2790 dico
720 2730 851 2792 ulmea
872 2749 912 2791 ex
940 2725 1102 2810 opinione,
1122 2725 1179 2790 sed
1199 2725 1286 2810 quod
1306 2724 1378 2808 ipse
1394 2727 1498 2787 testa-

430 2815 484 2875 tur
506 2810 667 2876 Martialis
690 2811 748 2896 (ΙΙ,
772 2813 827 2897 77)
850 2811 929 2879 heco
950 2813 1130 2896 prol'erensc
1446 2822 1449 2829 '

555 2895 648 2980 »Non
660 2900 737 2962 sunt
751 2898 849 2994 longa
864 2897 981 2982 quibus
994 2897 1079 2962 nihil
1089 2901 1139 2963 est
1152 2896 1238 2982 quod
1251 2897 1376 2962 demere
1390 2893 1492 2978 possis

474 2999 485 3024 ‘
553 2981 608 3047 sed
629 2987 667 3046 tu
689 2982 823 3047 Oescom
844 2982 984 3048 disticha
1005 2983 1104 3074 longe
1125 2982 1233 3048 facis«

512 3066 687 3132 Videamus
707 3067 809 3153 igitur
830 3068 1008 3153 quomodo
1030 3068 1091 3146 boc
1117 3068 1153 3132 in
1174 3068 1298 3154 epigr.‘''
1320 3064 1499 3132 membrum

428 3152 621 3237 respoudeat
648 3153 806 3230 memb103
842 3158 941 3238 etque
967 3153 1095 3218 verbiss
1129 3153 1254 3218 »Pistor
1290 3152 1347 3236 qui
1373 3152 1498 3217 fueras«

428 3238 614 3324 respondet:
640 3261 678 3302 »a
699 3239 819 3322 pistore
840 3261 906 3304 non
927 3239 1077 3317 recedis«
1102 3238 1226 3303 verbis:
1259 3237 1383 3302 ducena
1402 3257 1500 3322 quac·

428 3323 1534 3478 letettllll'llemltl‘lttble’tltflllttelt·
1583 3366 1586 3380 '

427 3431 1500 3665 eaessuetellenebeese

372 3673 375 3681 '
429 3664 1503 3752 libethominemcuiuslibetgenerisctidcmremenetcpigremmal

430 3749 513 3815 Sunt
533 3769 610 3836 ergo
632 3749 711 3814 hacc
727 3749 825 3815 rerba
846 3773 933 3836 quse,
948 3752 1034 3815 nihil
1054 3752 1101 3815 rei
1123 3750 1299 3829 conferent,
1322 3753 1398 3814 sunt
1418 3770 1501 3834 quae

430 3835 565 3905 demere
573 3835 687 3933 possis.
730 3836 907 3902 Attamen
928 3840 1024 3902 antea
1050 3836 1267 3902 demonstravi
1287 3854 1421 3921 gravem·
1445 3857 1501 3899 er·

430 3921 597 4006 positionis
618 3924 743 4006 perlem
762 3922 803 3986 iis
824 3922 859 3986 in
879 3923 986 3988 verbis
1006 3922 1109 3990 inesse
1137 3921 1262 4000 debere,
1284 3939 1400 4006 nempe
1419 3921 1501 3984 elte-

429 4026 499 4072 ram
520 4023 627 4072 rerum
639 4006 843 4073 dissimilium
865 4029 947 4092 quae
963 4011 1199 4093 comparentur.
1228 4005 1378 4071 Necesse
1400 4006 1413 4069 i
1439 4007 1502 4070 'tur

430 4096 500 4158 eret
521 4092 597 4158 huic
633 4093 726 4178 gravi
752 4094 959 4178 expositionis
990 4093 1135 4157 membro
1164 4098 1263 4190 grave*
1295 4106 1412 4180 respon
1434 4096 1502 4156 eret

428 4177 610 4244 membrum
631 4179 851 4244 conclusionis.
895 4179 1020 4263 Aperte
1038 4178 1140 4264 igitur
1154 4178 1307 4243 vitiosum
1328 4181 1378 4243 est
1396 4177 1501 4262 epigr.

341 4319 343 4324 .
430 4285 534 4351 neque
560 4267 677 4330 temen,
699 4264 778 4329 haee
798 4265 895 4330 unice
920 4267 970 4329 est
996 4262 1138 4344 offensio,
1165 4263 1221 4328 sed
1242 4267 1279 4327 ut
1291 4267 1500 4348 praeteream

432 4371 513 4433 quse
544 4350 673 4416 noterlt
700 4348 932 4429 Schmiedcrne
961 4349 998 4412 in
1024 4370 1102 4414 voce
1128 4368 1258 4434 quoque
1298 4347 1494 4413 ›mutueris‹

433 4435 584 4503 offendore
624 4435 710 4501 Nem
731 4436 834 4501 bonus
865 4434 924 4500 illc
942 4435 1157 4520 interpolator
1188 4436 1246 4521 qui
1267 4435 1353 4500 hunc
1374 4449 1503 4499 versum

445 4590 647 4606 ψ·-

507 4693 528 4760 1)
545 4685 597 4743 ve,
616 4685 741 4772 Lessing:
762 4688 854 4750 chm
871 4689 1019 4774 Schriften
1035 4689 1179 4759 ropr.
1197 4687 1254 4746 502.
1299 4736 1303 4743 .
