3850 5517
933 591 951 653 5

409 775 604 864 Priusquam
627 779 727 862 igitur
757 781 916 845 mutemus
945 778 1091 842 codicum
1118 775 1309 860 scripturam
1341 777 1469 838 necesse

410 871 460 933 ost
481 867 643 949 probetur,
665 887 735 932 eam
757 863 888 930 tolerari
907 862 1108 928 nullomodo
1130 884 1231 946 posse.
1273 860 1320 922 At
1342 862 1470 922 tanturn

353 975 360 990 ·
411 953 512 1029 abest,
535 954 571 1014 ut
592 949 803 1016 mutationem
825 949 894 1016 fieri
916 971 996 1032 opus
1011 970 1077 1014 esse
1098 950 1238 1012 statuam
1260 945 1469 1008 11111111-

413 1059 481 1105 eam
496 1035 690 1119 investigare
701 1034 819 1117 possim
829 1035 930 1100 ullam
944 1033 1178 1100 1111111111111
1192 1030 1354 1096 Heinsius.
1386 1029 1472 1094 Nam

414 1124 441 1188 si
462 1144 535 1188 eum
556 1120 658 1185 movit
679 1119 763 1203 quod
780 1120 906 1186 »utilis«
931 1119 992 1202 adj.
1007 1121 1212 1184 coniunctum
1225 1116 1307 1181 vidit
1323 1137 1395 1179 cum
1406 1115 1471 1178 dat.

414 1207 475 1288 rei,
504 1206 588 1271 idem
618 1203 724 1270 ridere
751 1205 857 1287 potuit
888 1205 949 1288 Ap.
973 1207 1033 1269 121
1065 1205 1174 1286 »utilis
1199 1200 1471 1279 1111111712.

415 1293 473 1362 XI,
486 1294 536 1368 52,
560 1292 588 1354 7Ι
611 1291 651 1354 al.
675 1291 753 1356 locis
775 1291 893 1368 multis,
924 1291 951 1355 si
985 1313 1060 1356 uero
1092 1290 1209 1374 positio
1230 1289 1402 1353 verborum
1425 1286 1473 1349 fe*

415 1377 513 1443 reuda
546 1376 575 1439 ei
607 1397 671 1444 uon
689 1375 880 1452 ¹videbatur,
908 1376 990 1440 mihi
1018 1381 1185 1459 poetarum
1212 1372 1475 1442 consuetudinem

412 1462 566 1529 excedere
595 1482 660 1527 non
674 1457 677 1464 ’
690 1460 816 1526 videtur
847 1465 880 1526 et
911 1461 987 1525 talis
1020 1483 1089 1526 esse
1115 1465 1152 1524 ut
1177 1459 1302 1525 nullam
1324 1457 1476 1527 admittat

418 1547 674 1631 ambiguitatem,
696 1546 751 1610 sed
772 1551 818 1623 ut,
843 1547 928 1628 quod
951 1547 1090 1610 voluerit
1110 1550 1215 1630 poeta,
1237 1545 1331 1609 focile
1352 1541 1475 1607 intelli·

417 1655 540 1720 gamus.
585 1632 705 1696 Contra
724 1631 782 1694 illu
806 1631 876 1715 ipsa
899 1632 1088 1711 amandatio,
1111 1655 1208 1716 quarn
1229 1629 1380 1695 Heinsius
1401 1651 1476 1713 pro·

416 1719 494 1783 tulit
516 1717 595 1780 vitio
616 1717 743 1783 laborat
763 1738 890 1800 magno.
934 1717 1020 1782 Nam
1042 1719 1119 1782 licet
1139 1717 1302 1781 interdum
1323 1734 1477 1799 personae

417 1802 607 1889 possidentis
628 1803 697 1869 loco
719 1823 769 1864 res
793 1801 838 1864 sit
859 1803 965 1886 posita
987 1802 1075 1867 hisce
1095 1805 1129 1867 in
1149 1802 1378 1881 locutionibus,
1400 1821 1477 1864 nus-

417 1913 513 1974 quam
533 1893 644 1958 tamon
665 1887 743 1952 odeo
765 1909 783 1949 a
798 1886 936 1970 simplici
951 1889 1079 1954 dicendi.
1090 1890 1216 1952 ratione
1234 1887 1367 1952 decessit
1381 1882 1478 1970 poeta
1583 1909 1589 1916 ·

418 1979 449 2042 11
470 1977 739 2043 rerumnaturam
755 1973 918 2054 pervertit,
933 1975 1080 2038 utsimul
1096 1975 1129 2037 11
1144 1997 1211 2038 rem
1232 1994 1387 2058 personae
1397 1973 1478 2036 loeo

419 2066 451 2124 11
481 2081 649 2145 personam
684 2058 731 2122 rei
766 2057 835 2120 loco
862 2063 1004 2141 poneret.
1049 2061 1152 2135 Quare
1185 2059 1367 2123 emendatio
1396 2079 1478 2142 quae

421 2151 527 2229 peccat
548 2149 661 2220 contra
683 2147 794 2227 poetae
815 2142 968 2230 loquendi
988 2146 1117 2209 modum
1132 2145 1320 2230 repudietur
1340 2147 1476 2228 oportet.

480 2231 612 2302 Praeter
644 2231 732 2294 huno
759 2227 849 2296 tertii
875 2251 967 2294 casus
987 2252 1081 2294 usum
1113 2253 1195 2294 oum·
1212 2230 1351 2314 simplici
1378 2231 1477 2294 verbo

421 2339 523 2382 sesses
540 2316 712 2392 coniuncti,
728 2316 874 2390 alterum,
887 2317 1029 2398 *cujus
1037 2317 1209 2380 formulam
1223 2337 1292 2380 »res
1306 2320 1356 2381 est
1369 2315 1476 2379 laudis

418 2425 516 2486 supra
537 2401 788 2478 commemorari,
818 2435 857 2444 --
877 2405 919 2464 'ne
945 2423 1039 2465 nosse
1066 2403 1196 2486 quidem
1224 2402 1320 2467 Mart.
1343 2401 1478 2480 videtur,

419 2509 496 2552 uam
513 2487 654 2560 ¹nullum
681 2484 834 2569 ejusmodi
861 2485 972 2552 locum·
991 2487 1100 2550 inveni
1130 2490 1164 2550 et
1184 2487 1219 2549 in
1240 2487 1389 2551 omnibus
1410 2488 1478 2571 epi-

421 2575 620 2655 grammaton
655 2565 745 2638 libris
773 2572 893 2636 frustra
909 2573 1101 2656 ,exemplum
1135 2573 1208 2651 dae,
1240 2595 1336 2656 quem
1368 2572 1479 2638 dicunt

427 2655 517 2720 »Dat
549 2656 600 2722 des
620 2657 767 2726 Zweolrs«
780 2659 805 2741 ¹)
838 2655 1034 2743 inuestigare
1055 2657 1207 2723 studebis.
1251 2657 1336 2722 Nam
1358 2659 1393 2722 in
1415 2681 1478 2743 quo

424 2741 490 2806 loeo
518 2743 679 2827 paulisper
706 2743 795 2808 haesi
823 2741 885 2826 (XI
907 2746 957 2822 57,
980 2746 1026 2827 5.)
1070 2743 1206 2808 »Omnia
1232 2763 1304 2808 eum
1331 2745 1392 2807 tibi
1414 2747 1481 2809 sint

419 2828 501 2892 dono
522 2850 672 2895 concessa
692 2829 840 2896 deorum«
865 2827 951 2894 haud
967 2830 1097 2894 difficile
1113 2830 1234 2893 »donor
1257 2829 1394 2892 formam
1413 2853 1480 2894 non

418 2913 482 2988 dat.
504 2937 581 2991 esse,
604 2915 659 2984 sed
681 2911 863 2988 11111111.
886 2937 1065 3000 cognosces.
1103 2916 1196 2979 Alter
1217 2934 1293 2979 vero
1314 2916 1403 2978 locus
1424 2917 1480 3000 qui

418 2999 480 3066 huo
502 2999 617 3065 adduci
640 3004 746 3084 potest
768 2999 798 3083 (I
821 3002 888 3078 116,
905 3003 947 3084 l.)
973 3000 1053 3064 »hoe
1066 3023 1178 3065 nemus
1194 3001 1480 3066 aeterno-cinerum

419 3087 556 3154 sacravit
577 3086 710 3153 honori<
735 3085 832 3150 aliam
845 3087 948 3171 poscit
962 3087 1270 3171 interpretationem,
1290 3108 1406 3172 nempe
1428 3088 1481 3151 hie

424 3170 559 3244 »honos«
584 3193 646 3239 vox
667 3194 732 3236 non
752 3172 799 3236 rei
820 3173 875 3237 sed
895 3194 1049 3255 personae
1069 3173 1234 3236 notionem
1255 3173 1479 3237 1111111111.

421 3255 487 3334 deo,
510 3257 566 3340 qui
589 3256 736 3324 »Honos«
761 3259 943 3341 appellatur
964 3280 1076 3322 nemus
1098 3263 1250 3323 sacratur.

427 3411 652 3514 coniungitur
674 3381 1076 3518 aeternitatisque
1097 3415 1176 3493 linio
1198 3414 1480 3514 significationen

614 3551 616 3565 ·
744 3522 874 3594 certon
899 3519 936 3595 in
962 3541 999 3595 se
1025 3519 1166 3596 tabent.
1406 3535 1410 3540 ’

480 3647 645 3732 Simplicis
672 3651 761 3714 verti
781 3641 893 3716 'sesses
923 3674 995 3716 curn
1027 3651 1134 3725 dandi·
1153 3675 1228 3718 casu
1250 3650 1482 3718 constructioni

415 3733 527 3803 affinis
542 3735 679 3800 maxime
695 3739 743 3800 111
758 3747 833 3807 usus
845 3737 926 3816 uae,
942 3734 997 3820 qui
1013 3737 1220 3827 coniungitur
1235 3759 1307 3800 cum
1321 3736 1361 3802 iis
1376 3736 1482 3800 verbis

413 3843 499 3910 quae
522 3820 685 3886 notionem
707 3818 924 3890 verbiaesse«
956 3821 991 3886 in
1020 3846 1053 3886 se
1080 3824 1246 3889 continent
1267 3845 1332 3886 non
1354 3821 1483 3906 quidem

413 3905 596 3992 simplicem
623 3905 712 3972 illam
735 3909 795 3988 ¹sed
824 3911 861 3972 ut
889 3907 961 3976 finis
991 3907 1257 3993 significationem
1289 3907 1324 3972 in
1344 3906 1483 3981 formula

414 3996 484 4057 »111
518 3989 617 4054 mihi«
634 3997 858 4078 ‘apparentem
886 3994 1065 4058 accuratius
1095 3993 1365 4058 circumscribant.
1409 3993 1483 4058 Huc

412 4083 445 4142 et
460 4076 566 4142 verba
581 4082 730 4163 spectant
741 4077 893 4162 simplicis
911 4077 1001 4143 verbi
1018 4101 1122 4144 sesses
1139 4079 1315 4165 composita
1329 4083 1362 4144 et
1376 4080 1483 4145 omnia

411 4185 493 4247 quae
523 4163 563 4224 ad
586 4163 651 4227 vim
673 4165 842 4228 verborum
860 4186 975 4239 »esse«,
1001 4165 1223 4250 »contingeres
1245 4165 1389 4231 revocari
1408 4189 1482 4250 pos-

413 4255 499 4314 sunt.
549 4247 588 4312 In
611 4249 727 4314 horum
748 4272 879 4314 numero
896 4250 981 4334 apud
995 4249 1091 4314 Mart.
1107 4273 1188 4334 quae
1204 4273 1389 4317 enumerare
1404 4251 1483 4319 satis

415 4337 477 4400 ent
498 4333 647 4400 invenies
669 4336 762 4400 haec:
786 4335 902 4414 adesse,
919 4333 1034 4415 deesse,
1050 4358 1222 4420 superesse,
1238 4336 1298 4416 fas,
1319 4337 1406 4415 satis,
1425 4359 1482 4402 ne·

413 4437 512 4502 cesse,
537 4418 621 4515 opus‘
638 4441 717 4500 esse,
734 4419 886 4510 sufficere,
903 4423 998 4500 stare,
1013 4423 1310 4502 consenescere,
1332 4421 1483 4501 accidere,

466 4600 468 4608 ’
492 4589 513 4660 ¹)
535 4587 581 4642 ’01
599 4587 700 4667 Reisig,
719 4589 800 4642 schol.
818 4587 835 4642 Ι,
853 4591 869 4657 1
888 4577 937 4640 373
955 4588 1011 4641 not.
1029 4586 1124 4640 Haasii
1141 4588 1199 4640 546.
1234 4588 1266 4641 A.
1285 4585 1386 4642 Grotefi
1403 4604 1444 4658 gr.
1462 4587 1482 4643 l.

410 4666 430 4786 ἓ
455 4659 499 4714 38·
531 4656 658 4710 Ruddim.
675 4658 737 4710 rust.
763 4656 781 4710 l.
813 4653 1025 4712 vallamur.
1060 4653 1172 4709 11111111
1189 4671 1230 4726 gr.
1248 4653 1296 4710 let.
1315 4655 1332 4724 g
1350 4654 1481 4722 121111.

430 4729 517 4798 sape
534 4743 577 4794 gs.
594 4726 644 4787 aa
660 4727 675 4795 1
692 4725 752 4780 roe.
788 4722 894 4782 suun.
912 4739 953 4793 a.
970 4721 989 4789 ι,
1007 4726 1024 4794 a
1040 4722 1100 4778 aa.
1118 4722 1154 4778 a.
