3850 5517
468 1407 471 1414 ¹
600 1319 603 1328 ’
684 1383 1203 1524 Treueris,

498 1721 526 1783 1.
550 1717 624 1800 Fur,
652 1717 774 1783 Hecub.
798 1739 827 1782 v.
856 1719 927 1782 750.
951 1717 1159 1808 (Kirohhoff.)
1187 1740 1245 1809 pro
1272 1751 1416 1814 eaquae
1442 1730 1481 1794 in'

412 1863 485 1905 mss.
513 1842 562 1903 est
590 1844 667 1904 enee
692 1835 824 1926 γραφεὺς
845 1836 1048 1902 scribendum
1069 1857 1137 1904 esse
1157 1846 1315 1911 contendo
1336 1846 1477 1935 βραβεύς.

503 1959 532 2022 2.
555 1955 632 2022 Eur.
662 1955 740 2022 Heu.
770 1978 830 2022 vss.
861 1952 933 2033 409,
963 1953 1036 2019 410.
1065 1959 1191 2042 spurios
1215 1985 1283 2029 esso
1310 1966 1477 2049 contendo,

413 2079 524 2141 eontra
561 2073 687 2140 eosdem
714 2083 823 2140 versus
852 2069 1010 2159 genuinos
1031 2072 1102 2142 Aio,
1126 2101 1171 2160 vs,
1202 2085 1274 2166 212,
1302 2085 1374 2164 213,
1398 2108 1477 2169 quos

413 2216 475 2277 pro
498 2193 615 2278 spuriis
637 2193 753 2259 habuit
775 2190 910 2259 Kirehh.

500 2316 531 2378 3·
552 2313 706 2378 Plautum
727 2335 842 2398 graeca
864 2313 1021 2378 voeabula
1040 2336 1106 2379 non
1127 2319 1246 2384 temere
1267 2321 1473 2387 immiscuisse

413 2434 569 2499 contendo
603 2432 742 2498 sermoni
770 2431 882 2512 latino,
914 2431 970 2496 sed
996 2454 1069 2496 raro
1100 2433 1141 2502 iis
1167 2459 1260 2504 usum
1286 2462 1352 2504 esse
1375 2440 1473 2504 etita

414 2531 546 2618 tantum
573 2555 611 2618 ut
634 2555 689 2615 aut
710 2551 771 2617 ioci
794 2551 917 2636 aliquid
938 2552 1013 2616 inde
1035 2558 1213 2636 capesseret
1234 2561 1291 2623 aut
1312 2558 1377 2623 vim
1398 2581 1473 2644 pro-

413 2674 516 2759 priam
538 2678 728 2758 graecorum
746 2671 974 2736 vocabulorum
995 2691 1061 2734 non
1082 2674 1161 2740 satis
1176 2673 1258 2740 bene
1271 2677 1380 2741 latinis
1401 2677 1473 2742 red-

413 2796 487 2860 dere
509 2792 662 2878 potuerit.

497 2917 526 2980 4.
549 2909 756 2977 Waltherum
783 2930 877 2992 quem
906 2909 1018 2974 dicunt
1045 2907 1139 2978 ›Von
1162 2912 1217 2976 der
1245 2911 1467 2997 Vogelweide«

413 3034 496 3098 nulli
524 3033 594 3097 dieo
622 3029 731 3094 cedere
759 3030 871 3112 poetae
897 3030 999 3114 lyrico
1020 3036 1079 3098 nee
1108 3031 1297 3115 antiquioris
1319 3031 1471 3117 temporis

411 3174 471 3218 nee
491 3148 687 3216 recentioris.

496 3274 526 3337 5.
549 3265 711 3336 Historiae
728 3267 944 3352 cognitionem
965 3271 1000 3335 in
1022 3269 1198 3358 gymnasiis
1219 3293 1284 3336 non
1305 3274 1373 3334 tam
1395 3291 1472 3352 pue·

412 3412 464 3454 ros
493 3390 541 3454 ita
575 3385 731 3452 docendos
756 3386 826 3452 (lieo
852 3391 890 3452 ut
916 3389 1103 3453 memoriam
1130 3393 1298 3453 exerceant
1318 3410 1414 3471 quam
1436 3381 1485 3452 ut¹

413 3508 453 3572 ad
475 3506 605 3574 virtutis
627 3505 809 3591 cupidinem
830 3507 1017 3594 patriaeque
1039 3529 1178 3574 amorem
1200 3506 1417 3592 impellantur.
