3850 5517
827 1484 974 1607 Pars
1006 1485 1112 1606 111
1290 1507 1293 1513 ’

521 1687 832 1774 Plusquamperfecti
861 1712 936 1755 usus
975 1713 1074 1775 quum
1112 1689 1198 1773 apud
1235 1685 1370 1753 Latinos
1405 1689 1506 1756 latius

438 1775 551 1858 pateat
572 1797 670 1860 quam
685 1778 795 1840 nostra
815 1773 850 1838 in
872 1776 1069 1864 linguatum
1091 1774 1177 1860 apud
1192 1771 1287 1838 Mart.
1309 1773 1396 1839 haud
1434 1777 1506 1842 auci

436 1861 513 1924 sunt
538 1859 600 1926 looi
628 1860 684 1924 ubi
714 1859 796 1926 alius
824 1864 890 1926 tem
914 1861 978 1931 oris
1003 1863 1074 1926 loco
1102 1863 1186 1925 stare
1220 1859 1309 1924 videt
1349 1910 1356 1924 .
1401 1797 1506 1937 linum

438 1965 512 2008 vero
535 1948 682 2030 putarem
703 1968 803 2012 unum
818 1883 967 2032 qumique
982 1950 1110 2035 ternpus
1133 1967 1224 2010 snam
1246 1966 1370 2028 semper
1393 1945 1507 2011 debere

436 2029 527 2114 sequi
556 2034 706 2097 naturam
740 2031 900 2116 inquirere
928 2069 969 2112 f-
998 2035 1156 2118 quantum
1183 2030 1312 2116 quidem
1340 2030 1381 2095 ad
1410 2031 1507 2098 Mart.

395 2178 399 2185 .
436 2118 623 2200 spectat-
645 2115 724 2180 mihi
747 2117 964 2200 proponebam
987 2140 1050 2201 quo
1073 2117 1195 2183 factum
1224 2116 1268 2181 sit
1289 2119 1327 2181 nt
1349 2115 1431 2203 plsq.
1455 2117 1506 2182 vel

439 2199 542 2284 impft¹
571 2201 621 2266 vel
652 2201 708 2284 pst
730 2203 879 2269 naturam
912 2201 1044 2268 induere
1076 2201 1232 2268 videatur.
1275 2199 1335 2266 Est
1361 2221 1436 2266 vero
1466 2242 1505 2250 -

436 2289 474 2350 ut
495 2286 580 2374 apud
606 2309 715 2352 ornnes
745 2290 932 2354 constat-
955 2290 1038 2374 plsq.
1068 2291 1195 2374 tempus
1222 2286 1393 2352 relativum
1423 2287 1507 2374 quod

437 2369 560 2436 indicat
589 2369 666 2456 quid
693 2377 788 2439 antea
810 2373 853 2438 sit
883 2373 1005 2440 factum
1036 2395 1133 2457 quarn
1148 2370 1247 2456 'quod
1278 2373 1506 2456 pronuntiatur

437 2455 556 2522 aoristo
582 2459 757 2555 praeteriti.
802 2457 917 2546 ltaque
940 2483 1005 2526 non
1028 2457 1150 2544 poterit
1170 2457 1316 2524 adhiberi
1338 2459 1420 2546 plsq.
1442 2459 1505 2524 nisi

436 2540 492 2606 ubi
515 2546 616 2626 poss1t
636 2543 747 2610 referri
769 2543 808 2608 ad
830 2546 986 2614 aoristum
1007 2541 1179 2631 praeterrti
1205 2543 1271 2608 sive
1299 2566 1371 2613 eum
1402 2545 1507 2610 verbis

435 2626 514 2712 ipsis
558 2629 798 2700 renuntiaveris¹
817 2654 872 2696 seu
894 2630 1065 2716 cogitando
1093 2627 1261 2694 addideris.
1271 2630 1293 2713 ¹)
1338 2629 1422 2705 Usus
1445 2630 1507 2718 igi-

435 2715 489 2778 tur
510 2651 598 2798 piiq⁸¹
628 2737 723 2799 quem
752 2717 890 2782 maxime
923 2716 1052 2799 exejus
1078 2717 1196 2778 natura
1218 2737 1284 2779 esse
1306 2715 1423 2779 dixeris
1445 2717 1507 2782 erit
1575 2733 1579 2738 ’

436 2797 493 2862 ubi
515 2798 575 2886 pft.
598 2799 740 2866 historic.
764 2839 804 2848 -
826 2805 863 2866 ut
885 2799 996 2866 dicunt
1019 2838 1057 2846 —
1074 2799 1245 2899 principali
1265 2799 1302 2864 in
1323 2800 1503 2886 apophteg-

435 2887 520 2950 mate
541 2884 648 2950 locum
669 2889 768 2964 tenet,
791 2887 873 2972 plsq.
897 2909 973 2952 vero
993 2887 1183 2952 relationem
1198 2909 1288 2950 suam
1310 2887 1380 2970 ipsa
1401 2889 1505 2949 struc-

436 2969 510 3034 tura
535 2969 671 3036 relativa
705 2994 769 3058 qua
804 2995 875 3038 oum
913 2995 978 3038 aer.
1013 2972 1114 3058 praet.
1142 2971 1348 3036 coniunctum
1377 2974 1425 3035 est
1453 2971 1504 3034 in-

435 3053 531 3120 dicat.
576 3055 638 3130 Qui
658 3079 734 3122 usus
756 3062 789 3121 et
809 3059 895 3142 apud
924 3062 1045 3124 ceteros
1081 3057 1251 3155 scriptores
1278 3059 1311 3120 et
1336 3078 1387 3141 ap.
1409 3055 1507 3121 Mart.

435 3137 712 3223 frequentissimus
743 3166 819 3208 sane
855 3145 912 3208 est.
979 3142 1097 3208 Videas
1134 3141 1189 3206 lrb.
1220 3143 1321 3228 epigr.
1350 3144 1389 3206 10
1419 3164 1448 3206 r.
1471 3143 1505 3206 4:

437 3223 518 3300 »Qui
539 3248 604 3290 non
626 3227 745 3292 tulerat
768 3229 874 3306 verba,
902 3229 969 3293 tela
991 3227 1078 3293 tulit.
1102 3222 1151 3292 VI
1173 3229 1224 3305 82,
1248 3229 1281 3291 8:
1315 3227 1385 3293 »Me
1411 3249 1506 3312 quem

435 3309 561 3377 dixerat
583 3333 650 3376 esse
672 3335 737 3378 uon
758 3315 903 3398 negavi«
950 3313 1011 3392 Sed
1034 3313 1104 3377 fieri
1119 3313 1217 3378 etiam
1239 3313 1321 3376 solet
1343 3316 1380 3379 ut
1395 3312 1505 3378 relicto

435 3395 672 3480 simplicissimo
700 3397 852 3483 loquendi
880 3421 997 3486 genere
1019 3399 1101 3485 plsq.
1134 3397 1269 3462 solutius
1291 3396 1333 3461 sit
1355 3399 1507 3483 positum,

434 3481 573 3565 speciem
595 3485 748 3566 temporis
771 3486 910 3550 absoluti
932 3508 1010 3571 prae
1031 3507 1064 3550 se
1086 3485 1192 3549 ferens
1212 3483 1303 3548 nullo
1319 3485 1507 3567 pronomine

433 3588 538 3652 neque
569 3567 729 3652 particula
756 3571 891 3636 relatiuo
918 3572 999 3657 perf.
1026 3570 1179 3635 historico
1211 3567 1427 3648 subiunctnm‚
1460 3571 1507 3633 ita

433 3654 544 3718 tamen
574 3656 612 3716 ut
641 3655 691 3720 vel
719 3657 926 3723 antecedente
959 3658 1011 3722 vel
1038 3657 1252 3740 subsequente
1273 3654 1425 3738 perfecto,
1456 3677 1506 3719 re·

434 3737 514 3802 latio
535 3737 621 3804 inter
639 3761 677 3804 ea
702 3763 783 3826 quae
805 3743 848 3807 sit
869 3743 963 3810 facile
992 3741 1204 3827 intelligatur.
1261 3739 1352 3804 Neve
1381 3741 1507 3804 mireris

434 3822 519 3920 hanc
555 3827 760 3892 construendi
798 3827 956 3894 rationem
992 3827 1132 3894 maxime
1173 3825 1331 3923 placuisse
1363 3825 1507 3890 Martiali

435 3911 1403 4062 ram

469 4081 608 4146 tactas!
653 4082 788 4148 Viderat
809 4084 930 4168 Alphei
952 4083 1095 4168 praemia
1116 4087 1229 4167 qnmta
1251 4081 1374 4147 modo«
1421 4080 1505 4146 VIII

435 4164 485 4244 56,
510 4165 540 4241 7;
567 4167 707 4254 »Jugera
730 4169 922 4254 perdiderat,
945 4171 1045 4234 flebat
1066 4171 1099 4233 et
1120 4167 1276 4233 abductas
1298 4167 1430 4254 Tityrus
1452 4189 1504 4232 ae·

435 4337 637 4350 *u———na

509 4437 529 4508 ¹)
546 4437 641 4516 liteque
659 4436 817 4490 enirn-ut
833 4437 905 4492 infra
924 4438 1072 4559 rppperebit
1082 4471 1114 4480 -
1129 4456 1223 4494 rernm
1240 4442 1284 4496 eet
1300 4439 1374 4509 qnod
1390 4439 1505 4499 Ramab

433 4505 574 4560 contendit
601 4507 728 4574 (gramm.
755 4505 803 4564 lat.
822 4497 899 4574 Synt.
916 4505 929 4560 I
974 4509 990 4576 ξ
1009 4509 1059 4561 164
1075 4508 1110 4572 ll,
1128 4509 1163 4578 3.)
1190 4509 1295 4564 dicens:
1333 4507 1403 4563 »Das
1430 4507 1505 4576 Plsq.

432 4573 591 4632 bezeichact
606 4589 658 4628 nur
674 4573 816 4638 Zustanda
846 4573 890 4630 dle
907 4593 956 4630 vor
974 4577 1037 4631 dem
1054 4578 1145 4632 Antan
1165 4595 1181 4630 e
1207 4577 1282 4634 mnes
1297 4577 1402 4632 andern
1420 4575 1505 4646 rollig

432 4643 528 4700 vorbei
544 4659 638 4721 aaron
654 4643 711 4696 und
735 4642 810 4698 kann
828 4643 914 4700 daher
931 4646 1003 4703 auch
1021 4663 1073 4700 nur
1097 4647 1128 4702 in
1143 4595 1193 4701 ier
1209 4647 1290 4704 Naba
1306 4646 1380 4704 eina
1400 4646 1505 4702 andern

432 4711 575 4788 praetorib
592 4710 694 4780 stehen,
711 4711 762 4767 auf
776 4711 892 4772 welches
909 4730 938 4771 ae
955 4733 989 4772 zu
1005 4715 1136 4774 berichen
1152 4714 1213 4778 iet«
1447 4743 1453 4750 ·
