3850 5517
862 537 1031 604 ‘22

910 627 1111 637 —m-a—-q

476 729 625 812 bewegts
657 748 724 790 non
755 748 846 792 vero:
883 727 1063 814 »liegend«.
1085 765 1125 775 -
1150 725 1220 792 Hac
1247 725 1349 811 igitur
1375 725 1493 790 omissa
1514 725 1555 791 ad

478 815 615 882 alteram
645 811 793 878 animum
830 811 1034 878 advertamus
1065 812 1308 908 coniecturam&
1322 833 1419 897 qnam
1447 810 1553 878 multo

479 901 560 966 duco
584 897 836 984 praeferendam.
881 897 1033 984 Tempori
1047 897 1133 964 cuim
1149 900 1312 982 praesenti
1327 920 1392 981 qno
1415 896 1554 962 homini·

479 988 540 1051 bus
564 985 669 1068 ipsam
691 981 912 1050 scindentibus
935 988 1022 1048 terra
1044 1006 1158 1048 aurum
1176 982 1352 1066 praebetet
1374 985 1554 1068 argentum,

483 1073 652 1138 incorum
676 1067 777 1153 igitur
799 1067 925 1134 lucrum
948 1068 1079 1134 divitias
1100 1068 1211 1145 habet,
1233 1068 1408 1154 opponitur
1429 1071 1556 1152 tempus

480 1179 544 1242 quo
571 1153 715 1220 nondum
742 1153 827 1220 itum
858 1155 906 1218 est
934 1154 969 1218 in
996 1155 1118 1220 viscera
1144 1153 1248 1219 terrae
1271 1157 1304 1217 et
1324 1154 1404 1218 haec
1426 1151 1556 1218 divitias

481 1262 602 1322 ornnes,
625 1261 705 1324 quas
726 1237 859 1318 habuit,
884 1239 946 1304 sibi
967 1240 1099 1317 habuit,
1121 1241 1141 1306 i.
1165 1263 1191 1305 e.
1213 1238 1354 1304 intactas
1375 1243 1472 1322 atque
1493 1238 1555 1304 irn-

481 1330 596 1394 motas.
641 1323 764 1390 Tamen
786 1361 826 1372 -
849 1329 886 1390 ut
913 1347 1025 1390 verum
1047 1326 1152 1392 dicam
1174 1364 1213 1371 —
1236 1324 1314 1391 licet
1335 1324 1449 1390 molius
1472 1323 1557 1408 quud

482 1409 685 1478 scribendum
700 1432 880 1496 proponam
895 1434 960 1476 non
975 1410 1123 1490 habeam,
1141 1433 1182 1475 ne
1203 1409 1283 1475 haec
1305 1409 1435 1496 quidem
1456 1409 1557 1493 scrip-

482 1501 558 1563 tura
581 1499 653 1560 tota
674 1495 754 1560 mihi
800 1497 894 1575 iacet,
928 1519 1005 1562 nam
1026 1497 1127 1563 altera
1149 1519 1259 1561 versus
1281 1499 1372 1581 parte
1394 1517 1460 1559 non
1481 1495 1559 1560 novi

482 1582 561 1668 quid
582 1581 702 1646 dicitnr
731 1602 764 1644 se
813 1603 898 1648 noua
924 1583 1038 1660 forma,
1068 1581 1161 1653 novis
1183 1581 1290 1647 verbis
1312 1581 1428 1666 prioris
1455 1580 1559 1666 partis

483 1667 646 1733 sententia
673 1667 841 1750 repetitur,
875 1671 907 1732 et
934 1668 1096 1752 oppositio
1126 1689 1208 1754 quae
1241 1665 1294 1732 hic
1324 1689 1418 1733 suum
1438 1665 1559 1731 habeat

483 1755 591 1818 iocum
607 1750 689 1816 mihi
705 1751 832 1817 videtur
847 1775 924 1834 esse,
939 1775 1021 1819 non:
1046 1753 1183 1820 »humus
1200 1751 1263 1818 sibi
1273 1773 1340 1818 non
1351 1750 1424 1818 aliis
1439 1750 1558 1831 dives‹,

483 1837 554 1904 sed:
582 1836 718 1916 »humus
740 1859 797 1922 per
819 1860 851 1904 se
874 1861 940 1904 non
961 1839 1067 1904 alieno
1088 1839 1199 1903 labore
1221 1838 1338 1905 dives«

548 1921 717 1988 Interdum
739 1923 803 1988 dat.
826 1945 891 1990 non
906 1927 975 1992 tam
991 1946 1140 2010 expresse
1155 1923 1208 1988 oui
1222 1946 1377 2009 personae
1391 1923 1557 1993 commodo

485 2009 537 2074 vel
559 2007 760 2072 incommodo
782 2009 866 2074 actio
894 2011 953 2074 fiat
982 2010 1072 2074 verbi
1096 2010 1271 2096 significat,
1303 2032 1403 2094 quam
1429 2009 1556 2074 omniuo

510 2116 657 2160 ersonam
693 2093 816 2158 indicat
845 2095 934 2179 cujus
963 2094 1094 2162 intersit
1120 2099 1158 2160 ut
1184 2095 1269 2160 actio
1298 2095 1342 2160 sit
1362 2095 1463 2162 verbi.
1508 2093 1559 2160 Sic

485 2117 600 2246 tieret.
633 2178 660 2244 si
683 2179 765 2244 dixit
793 2180 870 2264 epis.
894 2180 963 2261 13,
987 2183 1037 2246 15.
1084 2179 1186 2259 »Quid
1209 2179 1291 2245 mihi
1314 2180 1426 2248 Celsus
1445 2181 1558 2266 epist<

486 2265 591 2330 forma
609 2262 727 2330 »miha
745 2287 819 2346 non,
836 2271 874 2331 nt
889 2266 1022 2352 quidam
1036 2267 1246 2346 mntendunt
1262 2267 1464 2332 abundanter
1484 2285 1562 2332 usus

489 2354 548 2428 est,
572 2349 627 2414 sed
649 2371 687 2413 ea
707 2349 864 2416 indicavit
885 2351 1040 2418 interesse
1057 2373 1125 2432 sna,
1141 2351 1220 2437 quid
1238 2351 1447 2437 agatCelsus.
1490 2351 1561 2437 Ap·

488 2439 583 2584 paret
607 2433 694 2500 hunc
721 2435 786 2500 dat.
815 2437 871 2522 qui
899 2437 1025 2502 ethicus
1053 2440 1102 2502 est
1129 2439 1312 2524 appellatus
1334 2461 1400 2505 non
1421 2436 1560 2502 multum

509 2521 615 2586 ifferre
643 2543 662 2584 a
691 2519 768 2600 dae,
792 2544 888 2607 quem
910 2523 1023 2588 dicunt
1045 2523 1169 2588 comm‘u
1191 2527 1224 2588 et
1244 2523 1386 2589 eiusdem
1407 2523 1472 2588 fere
1493 2543 1561 2587 esse

488 2609 624 2671 naturae
647 2605 695 2670 ita
714 2609 751 2672 ut
770 2608 881 2674 multis
902 2609 980 2673 locis
1010 2606 1140 2673 difficile
1173 2608 1216 2674 sit
1248 2608 1422 2694 dijudicare
1453 2611 1563 2674 utrum
1638 2633 1644 2642 ·
1700 2596 1701 2607 ¹

490 2691 576 2758 dicas
605 2713 681 2757 esse.
727 2696 789 2778 Ap.
818 2693 914 2758 Mart.
938 2715 1020 2779 quae
1047 2694 1111 2758 huc
1139 2695 1326 2780 pertineant
1353 2694 1501 2779 exempla
1521 2731 1562 2741 -

489 2778 546 2842 ubi
569 2799 694 2864 semper
716 2783 773 2842 aut
797 2777 915 2844 »mihi«
946 2782 1005 2845 aut
1034 2777 1133 2844 »tibi«
1158 2779 1279 2846 formae
1300 2783 1375 2844 sunt
1396 2778 1563 2844 adhibitae

491 2901 531 2914 -
554 2885 706 2928 enumero
728 2863 824 2928 haee:
846 2863 932 2930 VIII
953 2866 1005 2943 52,
1028 2867 1079 2930 10.
1102 2863 1261 2930 Barbatus
1281 2864 1360 2931 mihi
1381 2878 1493 2928 tonsor
1514 2869 1565 2928 est

490 2971 645 3014 reversus.
668 2947 699 3014 X
722 2950 772 3026 58,
796 2949 825 3013 7.
846 2949 900 3014 hic
922 2949 1004 3016 mihi
1025 2950 1154 3035 quando
1177 2951 1243 3014 dies
1270 2971 1358 3015 meus
1386 2951 1455 3014 est?
1499 2947 1563 3014 Xn.

492 3035 563 3100 106.
610 3033 730 3098 Gnosia
761 3033 889 3098 Minoae
918 3036 1034 3122 gennit
1065 3036 1226 3101 vindemia
1254 3034 1368 3100 Cretae
1403 3034 1466 3100 hoa
1492 3034 1564 3100 tibi.

492 3119 555 3206 Ap.
580 3120 628 3184 14.
652 3117 733 3184 Cum
754 3119 880 3184 steterit
894 3121 1005 3187 nullus
1027 3121 1121 3187 vultu
1141 3121 1204 3188 tibi
1227 3119 1312 3186 talus
1334 3119 1456 3184 eodem.
1480 3119 1565 3185 VIII

493 3207 546 3285 51,
571 3205 621 3272 17.
645 3203 778 3270 Imbuat
800 3205 967 3292 egregium
982 3207 1081 3294 digno
1102 3207 1185 3272 mihi
1200 3210 1329 3272 nectare
1350 3227 1477 3272 munus.
1499 3206 1562 3289 Ap.

493 3293 565 3358 192.
605 3289 694 3356 Haeo
716 3289 777 3355 tibi
799 3329 838 3338 —
861 3291 984 3358 tabella
1005 3293 1149 3360 carmina
1170 3291 1310 3358 Nasonis
1331 3292 1424 3377 gerit
1447 3291 1508 3375 Ap.
1531 3292 1560 3353 5.

493 3375 598 3464 Nigra
619 3375 680 3440 tibi
702 3375 832 3440 niveum
854 3377 966 3444 littera
987 3379 1096 3464 pingit
1117 3379 1205 3466 ebur.
1229 3377 1292 3442 Xn.
1317 3379 1388 3444 101.
1411 3376 1480 3444 Hoc
1502 3374 1564 3441 tibi

495 3461 651 3546 Camponi
673 3462 800 3526 sudavit
821 3463 920 3530 bacca
935 3463 1072 3530 Venafri
1177 3466 1298 3526 eninm.
1314 3499 1355 3510 —-
1377 3461 1565 3530 Formulam

480 3551 1034 3714 ¹‹pppqpetsupinaopmmeplppr'atejm
1049 3549 1123 3634 »qui
1168 3546 1229 3611 tihi
1252 3546 1341 3611 viat«
1366 3571 1431 3614 nou
1454 3547 1566 3615 imme·

495 3655 523 3696 r1
598 3641 992 3704 a⁰asenase1co¹

559 3717 590 3781 Α
612 3717 680 3782 dat⁰
702 3717 779 3792 deni
797 3743 859 3804 que
874 3722 998 3788 comm&
1021 3743 1086 3786 non
1102 3722 1152 3784 est
1172 3723 1211 3784 ut
1232 3740 1360 3804 separes
1381 3719 1487 3797 illum,
1511 3715 1567 3800 qui

496 3803 537 3867 ad
554 3803 673 3868 formas
694 3805 826 3888 ponitur
848 3807 991 3892 passivas
1007 3809 1030 3891 ²)
1047 3805 1219 3870 verborum
1245 3809 1278 3868 et
1300 3827 1400 3889 quum
1415 3827 1456 3868 ex
1467 3804 1566 3868 Grae·

498 3911 609 3953 eorum
632 3889 811 3955 imitatione
833 3895 923 3958 ortus
944 3892 1135 3970 crederetur,
1147 3889 1288 3956 Graecus
1304 3893 1352 3954 est
1372 3889 1565 3975 appellatus.

497 3973 613 4072 Itaque
636 3973 787 4042 dixerunt
802 3975 866 4042 dat.
887 3999 945 4060 pro
968 3977 1044 4041 abl.⁰
1067 3997 1222 4062 personae
1244 3998 1316 4042 curn
1341 3997 1397 4040 aa<
1422 3993 1566 4058 praepos.

498 4065 667 4127 comuneto
690 4062 843 4126 substitui
866 4067 899 4126 et
920 4061 1005 4128 idem
1026 4061 1208 4148 significare
1226 4065 1324 4146 atque
1345 4060 1447 4126 illuni.
1476 4056 1569 4133 Quod

498 4145 593 4230 plane
615 4150 663 4212 est
684 4147 875 4232 negandum.
884 4147 908 4230 ³)
930 4145 1149 4214 Intolerabilis
1171 4147 1285 4214 inisset
1302 4150 1469 4231 poetarum
1482 4143 1568 4207 inso-

501 4322 701 4332 οι--η-η--α-

572 4403 593 4524 :p
612 4401 730 4472 Enipea
746 4399 911 4455 Ramshorni
928 4403 971 4458 est
995 4403 1132 4459 sententia
1149 4403 1183 4460 cf.
1200 4404 1249 4460 lat.
1267 4421 1308 4474 gr.
1327 4406 1342 4474 fi
1361 4402 1419 4468 119,
1436 4401 1484 4459 lv.
1502 4401 1569 4458 Gro-

498 4471 572 4528 icfen
593 4511 598 4524 .
615 4470 701 4593 {390
719 4470 774 4523 not.
792 4467 817 4522 2.

575 4541 597 4608 ²)
628 4539 655 4592 Y.
673 4534 697 4590 R
716 4536 745 4548 '‘
768 4537 875 4618 ‚sobab
893 4539 910 4593 l.
921 4539 997 4611 §379
1007 4541 1064 4595 not
1082 4539 1141 4592 5⁵1.
1151 4537 1257 4594 crona
1275 4537 1343 4609 sla.
1369 4536 1428 4596 ³91.
1463 4538 1569 4611 Zumpt,

499 4627 541 4680 gr.
558 4609 606 4666 lat.
624 4609 641 4676 ὅ
658 4605 736 4660 4211·
775 4605 879 4662 addim.
896 4609 959 4664 rust
976 4608 1026 4666 aa
1043 4609 1102 4664 tom
1118 4607 1154 4662 II.
1172 4625 1192 4678 p
1212 4649 1218 4662 .
1236 4608 1278 4673 98,
1295 4607 1337 4662 99.
1356 4609 1413 4664 150.

572 4675 600 4745 ³)
616 4674 649 4730 cr.
667 4673 743 4730 ma
761 4675 830 4748 pror.
847 4675 887 4734 n
903 4679 959 4736 noe
971 4679 1027 4736 -551
1046 4677 1082 4734 aa
1098 4677 1183 4734 aaa.
1228 4675 1367 4749 imag.
