3850 5517
946 577 988 644 56

426 771 551 836 bertus:
575 767 656 834 arel:
678 763 774 833 Galla
794 770 873 849 puto
893 789 960 832 non
980 769 1108 853 plorare
1127 768 1162 829 te
1183 764 1289 830 virum
1309 765 1395 850 quod
1416 767 1493 851 quia

427 859 522 940 turpe
553 858 603 919 est
623 853 731 938 ploras
756 850 791 914 in
822 854 972 933 tenebris,
1001 853 1029 918 si
1055 851 1141 917 enim
1169 851 1314 935 plorares
1343 852 1493 918 tenebras

425 963 492 1006 uon
513 943 687 1006 securare«
714 935 749 1000 id
770 937 822 1000 rel
848 939 987 1004 maxime
1007 942 1119 1004 eontra
1154 957 1282 1002 omnem
1310 937 1490 1002 humanum
1523 1007 1529 1030 ,

427 1049 554 1094 sonsum
586 1028 620 1089 et
640 1023 736 1088 Mart.
762 1021 914 1090 iudicium
941 1028 992 1090 est
1020 1024 1038 1088 Ι
1059 1026 1110 1088 33.
1131 1044 1162 1086 r.
1184 1022 1384 1087 ddioentis:
1419 1023 1493 1087 »ille

427 1113 515 1177 dolat
535 1132 608 1175 vere
634 1108 691 1194 qui
719 1105 788 1174 sine
813 1112 896 1175 teste
921 1110 1039 1174 dolet«
1082 1107 1196 1192 Neque
1215 1108 1391 1172 feliciorem
1412 1108 1493 1174 dueo

426 1197 555 1263 Gruteri
576 1193 884 1279 interpretationem,
917 1195 974 1280 qui
999 1216 1100 1279 aeque
1130 1215 1233 1258 ›non‹
1255 1195 1382 1280 legens:
1419 1195 1488 1259 ›vi-

427 1283 510 1362 des‹
535 1281 651 1431 inpuit,
676 1279 886 1364 »plorandum
913 1303 981 1347 esse
1002 1281 1046 1345 ob
1065 1282 1201 1344 mortem
1223 1279 1300 1357 eius,
1321 1279 1421 1364 pudet
1442 1283 1493 1344 ta-

429 1390 503 1434 men
523 1367 558 1431 id
592 1387 682 1430 arere
703 1369 821 1451 aperte.
858 1366 950 1453 lluge
966 1366 1135 1431 feminaes
1148 1365 1356 1449 auimiplane
1378 1365 1490 1431 virilis.

432 1454 488 1520 Vir
501 1452 528 1518 si
542 1453 659 1538 plorat,
675 1450 783 1534 plorat
793 1453 861 1516 siue
873 1455 957 1516 teste
966 1456 1004 1516 ut
1015 1455 1082 1515 tu«
1127 1449 1199 1514 Heu
1211 1450 1418 1535 interpretem
1441 1473 1493 1515 ar·

427 1542 543 1625 gutum
552 1540 649 1622 atque
662 1535 825 1601 subtilem!
845 1537 891 1601 At
902 1536 1097 1622 epigr‚quod
1111 1535 1221 1621 arguti
1228 1535 1308 1600 adeo
1322 1537 1493 1602 etsubtilis

427 1627 502 1710 eget
515 1621 711 1719 interpretis,
722 1621 828 1705 ipsum
832 1623 900 1721 iam
910 1645 969 1687 neo
974 1625 1127 1710 argutum
1136 1621 1494 1720 estneoaubtile.·(iete-

426 1707 1493 1878 lttssldttttlttetittltttttllfattllttt

427 1878 566 1945 absurda
575 1876 772 1944 Sohmiederi
787 1881 836 1942 ert
848 1878 1074 1964 interpretatio
1096 1879 1153 1963 qni
1169 1900 1282 1943 »nam«
1298 1879 1493 1963 scripturam

428 1970 541 2030 tenens
559 1964 638 2028 haee
652 1961 791 2050 profert:
817 1964 941 2040 »Quum
956 1965 1026 2029 viro
1040 1963 1215 2029 mortuo‘iu
1229 1962 1303 2028 sinu
1367 1964 1491 2045 aderet,

425 2049 567 2136 pudebat
578 2049 706 2114 Gallam
718 2049 844 2131 plorare
857 2050 942 2134 quod
955 2071 1067 2115 omues
1084 2069 1155 2116 eam
1168 2050 1314 2116 homines
1324 1985 1413 2114 idua
1427 2050 1492 2114 fide

427 2137 531 2202 laoere
560 2156 625 2199 non
645 2153 737 2216 posse
759 2133 903 2199 serirent.
948 2135 1138 2200 subindicat
1157 2138 1254 2221 poeta
1273 2135 1416 2200 dolorem
1437 2136 1495 2220 qui

425 2222 571 2288 consulto
586 2219 621 2283 in
643 2218 783 2283 tenebris
804 2224 837 2284 et
858 2219 1031 2286 solitudine
1058 2221 1272 2287 abseondatur
1292 2223 1405 2286 fiotum
1426 2243 1494 2286 esse

428 2303 1491 2391 mmeMmmmmmm‚

449 2392 505 2456 uid
526 2389 768 2478 epigrammatis
788 2396 942 2456 acumen?
985 2394 1073 2469 Quae
1094 2393 1232 2476 denique
1246 2391 1356 2478 gaudii
1377 2397 1495 2458 eausa?

427 2415 472 2542 lt
492 2477 519 2542 si
540 2477 625 2541 iusta
657 2497 695 2540 ea
715 2475 793 2560 quid
814 2497 928 2544 causae
958 2497 1015 2542 eur
1034 2501 1100 2544 non
1121 2479 1190 2543 sine
1210 2478 1390 2563 ignominia
1410 2478 1491 2542 fate·

428 2565 501 2627 atrrr
522 2585 555 2628 se
575 2583 641 2626 non
662 2562 793 2646 lugere?
828 2563 874 2630 At
895 2561 1008 2629 missos
1029 2563 1094 2628 iam
1115 2564 1270 2629 iaciamus
1290 2564 1491 2650 interpretes,

426 2649 533 2734 ipsum
554 2651 733 2746 spectemus
755 2647 856 2734 epigr.
878 2649 972 2733 quale
1002 2648 1238 2714 aSobneidew.
1267 2652 1317 2714 est
1337 2650 1493 2714 eonstitu-

426 2737 506 2814 tum,
529 2755 585 2818 qm
607 2732 708 2796 »iam«
731 2751 841 2798 vocem
862 2755 920 2798 suo
941 2734 1085 2800 restituit
1111 2736 1192 2800 loeo.
1234 2735 1345 2820 Atque
1365 2735 1398 2798 id
1420 2733 1493 2819 qui·

426 2819 499 2883 doru
520 2817 632 2884 statim
652 2822 789 2902 apparet
808 2817 973 2904 oppositas
994 2841 1062 2886 esse
1083 2821 1146 2885 sibi
1172 2838 1265 2888 voees
1288 2821 1436 2905 ›lugere‹
1459 2824 1493 2885 et

426 2904 606 3055 stills
624 2901 1491 3076 tiltrttsttltllffiffitritt

425 3097 478 3139 sae
500 3097 556 3140 cur
578 3073 708 3138 deberet
728 3075 847 3158 pudere
869 3075 998 3141 Gallam
1018 3079 1144 3162 plorare
1158 3077 1332 3141 maritum?
1374 3075 1492 3141 Creda-

423 3182 535 3226 musne
556 3159 777 3226 Musamberto
804 3162 959 3226 matronis
985 3161 1139 3227 Ramanis
1177 3162 1210 3225 id
1243 3166 1337 3246 turpe
1373 3161 1493 3228 fuisse?

429 3245 480 3310 An
505 3245 600 3310 Galla
622 3245 699 3309 adeo
720 3246 804 3310 male
826 3246 890 3312 fuit
909 3250 1052 3312 tractata
1072 3271 1092 3312 a
1113 3248 1183 3312 viro
1203 3249 1241 3312 ut
1254 3247 1355 3312 risum
1376 3248 1494 3313 movis-

425 3335 473 3394 set
495 3331 522 3395 si
551 3351 624 3395 eum
653 3330 830 3416 plorasset?
873 3333 926 3397 An
953 3334 1025 3418 ipsa
1050 3334 1203 3399 maritum
1227 3331 1345 3398 fefellit
1372 3333 1495 3399 incesta

427 3419 460 3480 et
481 3413 629 3480 adultera
649 3415 737 3480 rita?
781 3417 835 3482 An
856 3439 920 3502 qua
935 3419 1071 3504 denique
1085 3419 1125 3483 de
1148 3439 1244 3483 eausa
1257 3419 1352 3504 turpe
1374 3418 1404 3481 ei
1425 3423 1495 3482 erat

425 3501 572 3586 plorare?
615 3501 662 3566 At
682 3499 766 3567 forto
786 3520 863 3568 roae
887 3505 990 3569 ›iam‹
1020 3507 1109 3569 reeta
1128 3504 1183 3568 ria
1207 3503 1302 3569 nobis
1322 3503 1493 3583 indicatur,

425 3609 501 3652 nam
522 3587 547 3651 si
569 3587 645 3652 iam
665 3585 784 3673 pudere
806 3587 902 3654 debet
932 3589 1061 3655 Gallam
1091 3591 1216 3675 plorare
1241 3589 1357 3667 virum,
1387 3589 1494 3673 priore

426 3675 569 3758 tempore
591 3673 659 3737 sine
681 3673 860 3757 ignominia
881 3675 1030 3760 ploravit.
1073 3675 1142 3740 Aut
1163 3676 1266 3762 igitur
1279 3673 1366 3738 hune
1387 3675 1493 3739 virum

426 3756 491 3821 iam
511 3757 608 3822 nimis
638 3754 694 3822 diu
716 3760 857 3845 ploravit
884 3799 924 3808 -
946 3761 1032 3845 quod
1064 3783 1130 3826 non
1161 3759 1353 3825 eredendum
1375 3797 1415 3808 -
1437 3763 1494 3824 aut

427 3842 506 3907 adeo
530 3865 624 3928 saepe
647 3845 732 3912 viros
754 3845 894 3931 ploravit
914 3847 1038 3912 utiam
1066 3847 1185 3931 pudere
1206 3867 1277 3910 eam
1298 3844 1413 3909 debeat
1432 3846 1494 3909 ite-

425 3949 496 3993 rum
525 3929 678 3994 maritum
698 3933 824 4017 plorare
845 3969 885 3980 -
908 3932 994 4017 quod
1016 3953 1125 3996 omnes
1147 3932 1252 3996 seiani
1271 3930 1339 3994 fore
1360 3935 1398 3994 ut
1417 3952 1494 3995 mox

425 4037 458 4079 se
480 4015 671 4080 eonsoletur.
715 4017 798 4082 Tum
827 4017 928 4103 igitur
948 4017 1025 4082 talis
1057 4018 1173 4081 mulier
1198 4015 1360 4080 deridetur
1389 4017 1494 4100 qualis

426 4123 445 4164 a
471 4100 622 4166 Petronio
649 4102 809 4187 desoripta
834 4106 883 4167 est
908 4108 1059 4168 matrona
1085 4103 1144 4166 illa
1164 4101 1307 4186 Ephesia
1339 4123 1421 4184 quae
1454 4123 1494 4166 ex

424 4186 516 4250 lueto
537 4186 719 4252 admirabili
740 4187 855 4272 prioris
882 4188 944 4254 viri
964 4189 1130 4252 relaxatur
1150 4187 1300 4272 amplam
1320 4188 1494 4270 uderida-⁸)

425 4272 468 4337 Et
488 4271 536 4336 ita
557 4272 626 4337 siue
648 4273 745 4338 dubio
766 4293 816 4336 res
831 4293 864 4338 so
879 4273 988 4343 habet.
1030 4272 1144 4358 Neque
1158 4277 1268 4338 tamen
1282 4272 1396 4336 dubito
1418 4293 1493 4336 oon-

425 4358 554 4423 tendere
569 4358 670 4443 epigr.
694 4361 750 4423 aut
764 4359 894 4424 omnino
904 4359 1064 4424 Martialis
1085 4379 1152 4423 nou
1165 4379 1234 4424 esse
1255 4360 1313 4422 aut
1327 4358 1491 4456 integrum

424 4443 518 4510 nobis
538 4465 605 4509 non
626 4465 693 4510 esse
713 4441 878 4509 traditum.
908 4444 998 4510 Vitio
1012 4444 1099 4508 enim
1119 4443 1246 4509 laborat
1257 4442 1345 4508 haud
1366 4461 1493 4539 exrguo,

501 4715 522 4784 ¹)
539 4713 591 4768 Vd.
609 4713 682 4770 Pe'tr.
690 4713 737 4770 Ar.
755 4716 806 4770 sat.
824 4715 872 4772 rel.
890 4731 923 4770 ox
940 4731 993 4770 reo.
1013 4715 1056 4771 Fr.
1075 4713 1233 4770 Buecheleri
1251 4732 1273 4770 o.
1293 4713 1349 4767 111.
1367 4712 1425 4765 112.
1517 4706 1523 4720 ‘
