3850 5517
877 580 1079 681 A..

444 769 982 940 militassetttt
997 768 1325 950 {tetstatur
1338 770 1516 937 tttttt',

444 945 614 1022 Martialis,
643 942 789 1019 aliorum,
813 941 917 1024 plura
938 943 1048 1007 tamen
1069 941 1193 1002 mcerta
1213 945 1411 1005 manserunt.
1454 942 1516 1020 Qui

445 1032 531 1095 enim
552 1033 655 1104 erant,
678 1027 734 1111 qui
756 1026 919 1110 sportulas
940 1025 1144 1109 acciperent?
1167 1023 1301 1087 Beckeri
1322 1024 1516 1111 opinionem,

445 1114 625 1201 sportulam
645 1134 711 1176 non
739 1112 848 1176 datam
869 1134 937 1176 esse
964 1110 1028 1175 nisi
1051 1109 1090 1173 iis
1116 1108 1172 1195 qui
1194 1108 1383 1192 quotidiana
1411 1113 1518 1179 officia

444 1198 717 1277 anteambulandi,
743 1201 850 1265 cetera
877 1195 1109 1281 praestiterint,
1142 1214 1208 1258 non
1238 1194 1277 1258 iis
1305 1198 1361 1281 qni
1386 1202 1516 1264 tantum

444 1286 641 1351 matitinnm
672 1304 732 1348 ave
760 1282 965 1347 dixerint-
988 1280 1074 1366 quod
1102 1279 1264 1345 concludit
1284 1304 1323 1345 ex
1343 1284 1446 1371 epigr.
1469 1284 1516 1350 lX

445 1374 495 1437 85.
518 1370 548 1436 X
571 1372 612 1435 74
634 1408 675 1422 ⁴·-
696 1369 812 1434 falsam
843 1389 913 1435 esse
932 1388 999 1433 non
1037 1366 1168 1431 diltlcile
1194 1366 1256 1431 erit
1288 1366 1516 1435 demonstrare.

445 1456 520 1524 Jam
542 1457 581 1520 iis
603 1456 682 1520 locis
703 1455 817 1533 clucet,
841 1454 959 1537 quibus
974 1474 1069 1517 mane
1084 1451 1238 1517 salutatio
1254 1457 1291 1517 nt
1306 1474 1344 1517 ca
1358 1474 1408 1519 res
1429 1474 1516 1521 ccm-

444 1546 641 1607 memoratnr
661 1562 727 1625 qna
747 1540 895 1624 sportula
915 1540 958 1603 sit
979 1536 1139 1603 merenda
1148 1536 1171 1621 ¹)
1220 1535 1345 1605 Deinde
1367 1560 1461 1624 qnam
1481 1542 1516 1606 in

444 1627 575 1693 modum
601 1628 710 1713 plures
737 1624 899 1711 sportulas
929 1623 1089 1709 colligare.
1114 1622 1258 1688 licuisset
1284 1624 1312 1688 si
1338 1646 1415 1691 vera
1435 1632 1519 1691 asset

447 1712 582 1778 Beckeri
597 1712 728 1797 opinio?
765 1710 858 1775 Certe
885 1710 973 1777 enim
1005 1708 1100 1773 nnius
1130 1712 1259 1772 tantm
1290 1711 1423 1776 comites
1449 1732 1517 1777 essa

445 1804 579 1883 potuere
600 1798 743 1875 clientes,
765 1796 861 1861 nnius
881 1799 1013 1860 tanturn
1034 1794 1145 1859 sellam
1168 1794 1366 1879 praecedere,
1388 1795 1445 1863 uni
1467 1818 1518 1863 ce·

444 1889 514 1949 tera
535 1887 699 1968 praestare
719 1882 835 1945 officia
879 1879 924 1945 nt
943 1885 1055 1945 tamur
1083 1900 1147 1945 non
1169 1879 1239 1943 fieri
1260 1883 1390 1946 tantum
1411 1884 1516 1966 potnit

444 1974 482 2033 nt
501 1971 613 2055 plures
631 1968 796 2053 sportulae
827 1966 870 2032 ab
891 1988 956 2031 unc
983 1966 1222 2051 colligerentur,
1245 1966 1300 2030 sed
1323 1968 1422 2035 etiam
1444 1988 1513 2033 raro

444 2055 477 2119 id
499 2076 564 2120 non
586 2055 708 2118 factum
730 2074 797 2116 asse
819 2052 965 2115 videmus
986 2051 1108 2136 epigr?
1132 2049 1149 2113 Ι
1171 2052 1226 2115 8οε

571 2139 725 2223 Sportula
746 2138 833 2201 Cane
854 2136 916 2200 tibi
931 2156 1081 2221 suprema
1099 2140 1196 2201 nocte
1218 2139 1322 2221 petita
1342 2142 1392 2203 est

640 2223 758 2289 occidit
778 2226 859 2307 puto
881 2227 923 2300 te,
947 2222 1035 2288 Cane
1057 2222 1143 2306 quod
1163 2242 1229 2287 una
1251 2224 1326 2287 fnit.

531 2343 614 2420 Quid
635 2342 772 2427 denique
787 2340 910 2425 profuit
930 2340 1021 2405 basia
1042 2339 1132 2405 milla
1148 2340 1276 2407 domum
1297 2340 1414 2407 referre
1437 2340 1517 2425 (XII

445 2430 500 2516 20)
523 2430 550 2494 si
572 2428 645 2493 inde
673 2448 793 2491 merces
821 2450 887 2491 non
909 2427 1156 2512 acquirebatur?
1189 2426 1337 2493 Fortasse
1359 2426 1456 2491 etiam
1478 2448 1516 2491 ex

445 2515 613 2581 Juvenalis
635 2512 741 2579 verbis
764 2515 839 2596 (sat.
862 2510 995 2598 1127:)
1035 2512 1128 2597 »Ipse
1148 2510 1216 2577 dies
1246 2512 1382 2599 pulchro
1404 2510 1518 2579 distin-

445 2602 555 2688 guitur
578 2598 688 2664 ordine
709 2614 831 2662 rerum:
854 2598 1010 2681 sportula,
1033 2597 1147 2661 deinde
1169 2597 1284 2677 forum,
1307 2598 1448 2683 iurisque
1463 2620 1518 2684 pe·

444 2689 525 2750 ritus
547 2686 666 2770 Apollo
687 2688 719 2747 et
741 2707 793 2769 qu.
817 2707 883 2769 sq«
908 2682 1079 2747 concludat
1102 2682 1218 2766 aliquis
1240 2684 1519 2752 mane—saluta·

445 2773 567 2837 tionem
589 2770 749 2836 suffecisse
771 2769 811 2833 ad
825 2768 1005 2853 sportulam
1021 2767 1256 2852 acquirendam,
1278 2790 1354 2832 nam
1377 2770 1401 2831 si
1425 2792 1518 2833 mane

444 2858 636 2922 salutatores
658 2857 769 2920 statim
791 2856 983 2939 acceperunt
1012 2853 1199 2939 sportulam,
1230 2854 1301 2935 quis
1329 2876 1369 2917 ne
1394 2858 1428 2917 ct
1448 2876 1518 2919 eam

444 2944 621 3007 mercedem
643 2943 741 3005 fuisse
763 2939 990 3003 salutationis?
1013 2940 1061 3003 At
1083 2958 1252 3001 caveamus
1267 2936 1328 3002 hoc
1349 2962 1369 3001 a
1424 2939 1518 3003 ittcre

445 3033 672 3115 argumentum
698 3048 773 3089 nam
796 3023 930 3089 dubium
958 3044 1026 3087 esse
1047 3028 1136 3107 puto,
1169 3026 1362 3109 aequaturus
1389 3025 1518 3090 omuino

445 3135 484 3182 ex
506 3115 566 3178 hoc
589 3114 658 3179 loco
681 3133 774 3174 mane
797 3108 975 3191 sportulam
1008 3130 1075 3172 esse
1098 3108 1244 3173 divisam.
1287 3106 1373 3174 Nam
1396 3108 1518 3175 Buttm.

445 3200 549 3285 quire
571 3219 647 3264 vera
668 3218 707 3261 ex
730 3194 790 3259 hcc
812 3192 1015 3277 potissimum
1045 3194 1115 3258 loco
1138 3194 1340 3259 conclusione
1362 3195 1449 3259 facta
1471 3194 1519 3259 di·

445 3286 504 3349 cit:
546 3312 561 3344 »
587 3336 593 3348 .
618 3335 625 3347 .
650 3334 656 3346 .
681 3332 688 3345 .
711 3297 746 3344 sc
773 3278 915 3343 verband
944 3278 1023 3358 sich,
1052 3302 1146 3343 wcnn
1177 3279 1228 3343 die
1263 3280 1409 3345 sertula
1431 3278 1519 3345 scau

442 3370 529 3449 fand,
563 3370 648 3433 dicae
679 3364 845 3429 natiirlich
882 3364 943 3429 mit
976 3364 1032 3429 der
1060 3364 1223 3429 salutatio.
1314 3364 1344 3431 ic
1375 3364 1520 3449 sportula

443 3456 538 3521 stand
553 3452 659 3539 gleich
674 3450 778 3516 bereit
791 3450 843 3513 fiir
857 3445 910 3514 die
924 3450 1178 3515 Aulwartendcn
1200 3454 1279 3515 'etcr
1303 3454 1390 3515 errat
1409 3454 1519 3535 aperte

443 3540 529 3627 quod
551 3533 680 3623 quidem
703 3536 822 3599 attinet
844 3535 884 3600 ad
906 3533 1002 3600 Mart.
1026 3538 1167 3623 tempus3
1205 3536 1260 3601 ille
1284 3538 1369 3601 enim
1392 3536 1519 3601 disertis

444 3626 549 3691 verbis
582 3624 644 3687 diei
670 3627 798 3706 tempus
826 3620 992 3701 indicavit,
1031 3642 1093 3707 quc
1122 3622 1267 3707 sportula
1300 3622 1519 3687 dividebatur:

444 3712 508 3859 qli),
533 3710 582 3790 lt,
606 3709 661 3793 13)
699 3706 839 3773 »Balnea
852 3710 935 3857 Cpost
962 3708 1119 3773 decimam
1141 3708 1225 3771 lasso
1247 3713 1440 3793 centumque
1464 3730 1518 3793 pc·

459 3801 558 3860 untur
581 3794 805 3879 quadrantes«
879 3791 900 3856 f.
924 3790 977 3857 ΙΙΙ
1001 3794 1037 3857 7:
1061 3816 1123 3879 qno
1146 3794 1216 3858 loco
1232 3792 1401 3858 balneator
1417 3794 1519 3859 elixus

443 3882 604 3965 sportulas
625 3879 768 3944 divisisse
790 3876 916 3941 dicitur.
974 3878 1027 3942 Ita
1049 3900 1176 3965 quoquc
1203 3878 1450 3966 intelligendum
1471 3883 1520 3945 cst

443 3967 543 4116 qpigr.
559 3968 621 4031 125
632 3966 694 4051 Ap.
703 3966 737 4047 ²),
758 3963 1185 4115 ncipipqngrcquentqrrtnane
1200 3964 1406 4113 salutandols
1430 3970 1519 4117 Ἥ-

444 4072 897 4233 οἶῗὶοέῗίθὶῗΐθὲῑεῗιθᾞτίεάΙ.
919 4072 1060 4219 addidiin
1080 4072 1519 4221 1sdnetseiitiiiirsrsepiiibaiierini

444 4223 500 4309 qni
522 4223 682 4289 Martialis
703 4221 832 4306 quidem
859 4222 1004 4305 tempore
1032 4224 1211 4307 sportulam
1233 4242 1365 4305 vespere
1387 4242 1454 4290 esse
1471 4221 1519 4283 di·

445 4312 556 4388 visam,
571 4325 574 4332 ’
592 4307 760 4372 luvenalis
794 4325 868 4371 vero
901 4327 1005 4386 mane,
1033 4296 1227 4375 salutatione
1250 4306 1354 4383 finita,
1382 4306 1520 4371 arbitra-

519 4587 539 4655 ι)
557 4584 596 4638 ef.
614 4583 679 4636 XIV
698 4584 756 4635 125.
775 4580 813 4633 VI
830 4581 872 4633 88.
891 4578 946 4633 XII
964 4582 998 4633 26
1016 4578 1051 4633 al.
1071 4580 1099 4636 ll.

518 4656 539 4724 ²)
556 4653 638 4706 Mart.
656 4651 674 4704 l.
692 4651 722 4704 12:
740 4649 770 4703 Si
786 4646 936 4702 matutinos
954 4648 1063 4703 facilest
1080 4648 1132 4705 tibi
1148 4648 1262 4719 perdere
1280 4662 1395 4713 somnos,
1422 4649 1520 4705 attrita

443 4723 535 4779 veniet
552 4720 676 4791 sportula
694 4734 774 4788 saepe
791 4720 866 4787 toga.
